3306 5070
293 395 357 460 756
788 409 945 459 ansano.

292 554 331 641 9)
355 553 480 640 Corpus
504 555 752 639 inscriptionum
771 554 1001 620 Rhenanarum
1026 553 1163 620 consilio
1187 557 1220 618 et
1243 555 1437 621 auctoritate

381 663 547 727 societatis
571 662 829 746 antiquariorum
853 660 1030 727 Rhenanae
1053 661 1101 725 ed.
1130 661 1215 726 Guil.
1243 660 1436 727 Brambaoh.

380 767 551 833 Praefatus
575 772 625 832 est
649 767 682 834 F.
706 768 843 833 Ritsohl.
871 767 1039 834 Elberfeld
1067 768 1159 833 1867.
1188 755 1340 833 Voti-eda

758 983 969 991 ——-—-——.

846 1123 877 1187 V

778 1261 951 1344 Zusttno.

853 1425 880 1487 1.

436 1548 844 1632 Dedicationsepistel
867 1569 914 1612 an
937 1546 1008 1612 den
1030 1545 1173 1612 Grafen
1197 1545 1283 1612 Orti

291 1671 340 1758 (in
364 1673 525 1756 ‘Dionysii
549 1671 850 1738 Halicarnassensis
869 1672 1075 1756 prooemium
1099 1669 1343 1756 Antiquitatum
1367 1669 1430 1734 Ro

291 1801 461 1845 manarum
476 1802 493 1844 e
508 1779 672 1845 codicibus
688 1801 774 1863 mss,
788 1778 827 1843 de
843 1799 980 1862 quorum
994 1776 1103 1843 indole
1118 1781 1151 1843 et
1165 1799 1225 1842 usu
1239 1776 1435 1860 disputatur,

314 1886 518 1951 emendatum
542 1884 583 1949 ab
606 1885 642 1950 F.
665 1884 717 1950 R?
740 1883 876 1950 Vratisl.
899 1906 949 1968 ap.
974 1883 1011 1948 G.
1033 1883 1091 1949 Ph.
1115 1882 1276 1948 Aderhola
1303 1881 1411 1970 1838).

239 2045 277 2084 111
379 2025 645 2093 FRJDERICVS
659 2023 950 2092 RITSCHELIVS
959 2022 962 2112 l
971 2023 1002 2090 S.
1008 2024 1043 2090 P.
1053 2021 1271 2112 DtIOANNI
1286 2024 1436 2090 HIERO-

290 2133 417 2200 NYMO
442 2139 447 2216 t
473 2131 623 2198 OOMITI
657 2133 717 2198 DE
748 2130 908 2198 HORTIS
945 2130 1005 2196 Du
1036 2129 1229 2196 MANARA
1253 2136 1259 2208 Ι
1285 2129 1436 2196 NOBILI

290 2237 545 2307 VERONENSI
565 2239 570 2322 Ι
592 2235 728 2305 MVSEI
752 2236 929 2305 PVBLIOI
952 2236 1183 2303 LAPIDARII
1208 2235 1435 2303 VERONEN-

290 2345 352 2412 sls
366 2344 704 2412 CONSERVATORI
720 2343 724 2434 Ι
740 2343 978 2410 Dffluouom
994 2343 1275 2409 POLYGRAPHI
1291 2343 1295 2432 Ι
1312 2342 1436 2410 SARD.

291 2452 470 2520 ORDINIS
493 2449 548 2518 SS.
572 2451 780 2517 MAVRITII
805 2451 863 2517 ET
886 2451 1049 2517 LAZARI
1071 2451 1231 2528 EQVITI.
1286 2487 1292 2498 ·

378 2594 596 2661 Duodecimus
624 2595 746 2660 mensis
770 2596 893 2680 agitur,
922 2616 1025 2680 equo
1055 2612 1141 2678 uve,
1168 2611 1434 2662 muvsrmsslun

291 2719 419 2787 comus,
442 2700 643 2786 blandaeque
666 2702 755 2768 urbis
780 2720 874 2767 uvam
893 2701 1081 2767 dulcissimo
1105 2699 1247 2786 hospitio
1271 2701 1435 2786 dimissus,

291 2832 308 2875 e
336 2809 458 2874 serenis
486 2808 590 2873 hortis
613 2806 831 2892 Hesperidum
858 2808 892 2872 in
919 2807 1117 2893 caliginosas
1145 2808 1281 2874 nebulas
1305 2831 1435 2875 orarum

290 2914 538 2981 (limmeriarum
561 2915 651 2980 redii.
693 2915 764 2992 Quo
788 2915 1045 2998 omnitempore
1068 2913 1133 2978 dici
1151 2916 1205 2980 vix
1227 2919 1337 2999 potest
1358 2937 1436 3001 quo-

291 3023 352 3088 ties
376 3040 436 3087 TVI
460 3044 497 3086 ac
521 3022 677 3088 virtutum
696 3039 840 3087 rvnuvm
858 3021 1148 3106 beneficiorumque
1167 3021 1303 3106 largiter
1326 3023 1360 3087 in
1382 3045 1435 3088 me

290 3130 481 3196 collatorum
505 3133 576 3194 tum
600 3128 684 3214 apud
708 3149 759 3192 me
783 3127 974 3204 memoriam
996 3126 1200 3211 recoluerim,
1232 3131 1303 3193 tum
1327 3151 1434 3194 coram

291 3237 403 3302 amicis
430 3257 488 3319 per
525 3235 719 3300 cottidianas
747 3235 1008 3320 opportunitates
1042 3235 1103 3299 sim
1136 3233 1310 3319 professus.
1361 3235 1436 3302 Sive

291 3344 377 3408 enim
408 3364 517 3407 veram
547 3363 606 3407 neo
638 3341 781 3407 fucatam
813 3340 1043 3407 liberalitatem
1074 3357 1170 3405 uvam
1202 3342 1330 3428 cogito,
1367 3343 1434 3408 sive

290 3472 399 3515 raram
423 3449 520 3515 etiam
543 3449 577 3513 in
601 3447 720 3514 Vestra
747 3452 849 3531 terra,
876 3449 1023 3533 leporum
1052 3449 1195 3513 omnium
1220 3470 1436 3534 venenumque

291 3557 418 3640 altrice,
446 3557 604 3622 sermonis
633 3559 665 3623 et
687 3579 814 3622 morum
838 3556 1044 3640 suavitatem,
1073 3556 1142 3620 sive
1172 3555 1290 3620 artium
1312 3557 1435 3622 littera·

290 3683 424 3746 rumque
457 3683 599 3727 amorem
629 3662 933 3746 flagrantissimum,
963 3662 1031 3726 aive
1064 3663 1257 3727 acerrimum
1290 3661 1434 3729 studium

169 3780 172 3792 '
291 3769 331 3833 ad
354 3767 592 3833 humanitatem
622 3766 901 3834 informandorum
929 3769 1047 3833 civium
1075 3786 1233 3854 uvoavu,
1261 3773 1435 3856 aptumque

290 3875 386 3940 rebus
410 3875 543 3940 urbanis
570 3875 789 3959 gubernandis
813 3876 992 3961 ingenium:
1025 3897 1098 3942 cum
1122 3877 1225 3940 multa
1249 3897 1336 3961 sane,
1358 3877 1433 3941 dum

290 3981 374 4048 inter
402 3982 575 4066 populares
604 3999 691 4047 nvos
721 4004 845 4067 moror,
880 3983 930 4047 vel
965 3982 1206 4048 benevolentiae
1240 3983 1434 4049 documenta

291 4093 441 4172 expertus
475 4087 538 4152 sim
573 4087 624 4152 vel
657 4088 758 4172 digna
793 4088 1011 4154 aemulatione
1041 4089 1188 4173 exempla
1217 4089 1435 4175 cognoverim,

291 4198 400 4260 tamen
425 4194 477 4259 oui
496 4196 554 4259 uni
572 4198 716 4274 tantum,
738 4199 895 4279 quantum
915 4213 1000 4279 urar,
1022 4200 1055 4260 et
1073 4194 1208 4260 debeam
1232 4198 1265 4260 et
1282 4197 1435 4282 tribuam,

290 4301 436 4384 profecto
466 4301 533 4366 scio
560 4301 730 4366 neminem.
779 4301 961 4368 Recordare
992 4323 1113 4386 quaeso
1140 4300 1228 4366 illius
1260 4302 1338 4387 diei,
1370 4325 1434 4388 quo

291 4424 334 4470 ra
358 4407 438 4472 duee
462 4411 496 4472 et
518 4407 692 4491 interprete
710 4407 858 4473 Museum
877 4406 1037 4493 Scipionis
1057 4408 1166 4474 Maffei
1190 4409 1320 4474 nomine
1343 4410 1433 4474 nobi·

291 4513 433 4598 litatum,
455 4531 524 4578 uva
551 4519 660 4578 autem
680 4515 840 4580 industria
859 4515 977 4580 laetius
996 4515 1030 4580 in
1048 4515 1117 4581 dios
1136 4514 1351 4602 efflorescens,
1372 4535 1434 4602 ego
