3332 5074
553 421 817 470 snernsrrcsrs
840 417 1048 468 enrvrrnar.
1309 399 1373 464 477

229 591 270 648 er
294 567 428 653 Mil-11,
450 569 480 652 2,
504 567 547 632 95
570 565 713 653 (quando
738 587 855 650 anceps
879 569 930 630 est
952 562 1067 628 Bacch.
1092 562 1134 628 58
1158 559 1257 646 [89]):

321 707 406 787 Quid
430 709 579 794 agimus?
602 709 746 774 facilest:
769 711 932 773 trecentae
941 755 1280 770 ......

232 875 278 930 ar
303 851 389 918 Trin.
415 853 488 917 700.
512 853 586 917 880.
609 853 683 917 914.
710 851 804 916 1125.
841 849 908 914 Mil.
930 847 972 931 ΙΙ,
996 848 1025 932 3,
1049 848 1104 912 36:

322 977 430 1078 litque
454 1017 528 1058 enm
552 999 667 1077 agrum
691 990 817 1058 dederis
840 1014 900 1057 nee
924 991 1097 1076 quicquam
1121 989 1172 1053 hic
1208 1039 1214 1052 .
1275 1039 1281 1052 .

282 1099 425 1168 ‚Multa
448 1100 545 1164 simul
570 1101 713 1186 rogitas:
738 1100 845 1164 nescio
868 1098 945 1183 quid
1008 1149 1015 1162 .
1075 1147 1081 1162 .
1142 1149 1148 1159 .
1208 1147 1214 1160 .
1256 1100 1281 1160 ’.

321 1205 414 1283 Qucd
438 1203 503 1294 (in)
527 1212 626 1273 manu
650 1207 761 1272 teneas
786 1209 882 1289 atque
906 1204 1009 1270 oculis
1075 1253 1082 1266 .
1142 1254 1148 1266 .
1208 1253 1214 1265 .
1275 1253 1281 1264 .

307 1311 435 1397 'Ne‘que
458 1311 521 1377 fuit
542 1334 637 1396 neque
659 1315 719 1376 erit
740 1333 843 1396 neque
867 1333 937 1376 esse
961 1331 1153 1396 quemquam
1208 1361 1213 1372 .
1274 1359 1280 1372 .

326 1417 361 1484 si
384 1420 446 1486 hcc
469 1421 579 1504 palam
601 1418 709 1486 fucrit.
746 1419 823 1504 quid
846 1419 937 1502 peius
1010 1467 1282 1482 .....

234 1583 373 1647 quorum
396 1583 545 1627 versuum
569 1563 673 1648 primo
698 1563 814 1627 sinon
838 1561 1021 1625 necessario
1041 1559 1215 1643 requiritur
1233 1559 1380 1642 mutatio,

232 1675 343 1733 tamen
373 1669 528 1752 quoniam
560 1670 662 1734 multo
693 1669 800 1734 minus
830 1667 955 1754 gratiae
985 1667 1105 1731 habere
1128 1661 1259 1732 -clca
1283 1687 1380 1750 quam

234 1773 270 1872 -l
286 1793 331 1826 02
351 1776 403 1840 vel
420 1799 439 1825 υ
452 1799 472 1825 υ
487 1773 491 1846 Ι
506 1799 525 1825 υ
538 1793 555 1824 -‘
574 1777 740 1858 sentimus,
763 1779 870 1839 certae
889 1775 1070 1859 elegantiae
1087 1772 1183 1837 laude
1201 1771 1382 1854 praestabit

232 1885 337 1966 Atque
364 1903 433 1947 eum
460 1883 529 1948 crim
556 1903 666 1965 aprum
694 1879 867 1962 deltam
900 1879 1041 1946 secundo
1070 1884 1177 1944 autem
1208 1879 1380 1963 insequens
1395 1902 1507 1944 ccxnvr

232 1983 335 2053 nescio
362 1989 524 2072 spondens
553 1988 633 2053 adeo
658 1993 757 2072 auget
780 1988 927 2071 profecto
951 1991 1138 2051 accentuum
1163 1985 1381 2068 insolentiam,

234 2099 270 2159 ut
303 2096 355 2159 vix
387 2094 670 2179 reprehendendus
703 2095 746 2158 sit
777 2093 831 2178 qui
864 2115 935 2157 eam
971 2092 1086 2156 saltem
1119 2092 1258 2157 iambica
1290 2113 1381 2175 rapas

233 2202 340 2267 forma
372 2203 406 2265 in
438 2203 664 2286 anapaesticae
695 2203 812 2284 rogitas
843 2201 950 2265 locum
983 2199 1162 2264 substituta
1194 2199 1304 2284 aliqua
1341 2221 1379 2262 ex

234 2311 327 2392 parte
350 2307 450 2371 lenire
475 2309 625 2372 instituat
650 2306 709 2388 [sic
732 2304 857 2388 Trin.²].

232 2413 267 2478 B
273 2437 292 2492 γ
315 2409 404 2478 Trin.
430 2415 509 2478 720:

323 2555 510 2622 Frllmentas
533 2557 661 2622 iubeam
685 2558 839 2643 suppingi
876 2609 1284 2622 .......

238 2721 332 2784 quem
357 2699 385 2764 si
409 2699 449 2764 ad
473 2701 628 2764 maiorem
653 2699 777 2764 scilicet
800 2700 981 2784 elegantiae
1001 2701 1142 2784 speeiem
1161 2701 1266 2767 noluit
1284 2704 1381 2783 poeta

239 2805 286 2869 sic
306 2826 465 2888 revocare,
487 2805 671 2871 Fellmenlris
688 2808 835 2889 ramagi
852 2805 980 2884 iubeam,
1005 2807 1110 2870 minus
1130 2807 1227 2870 etiam
1248 2826 1380 2870 caussae

242 2916 293 2976 est
314 2934 371 2976 cur
393 2911 427 2975 in
451 2935 479 2975 v.
502 2911 567 2976 905
590 2912 795 2976 haereamus:

187 3061 198 3080 ³
325 3051 489 3119 N6uist1'n'
514 3053 700 3120 hominem?
737 3055 884 3122 Ridicule
946 3106 1285 3122 ......

236 3198 281 3274 br
304 3195 421 3261 Bacch.
445 3196 488 3260 60
511 3196 595 3278 [9112

327 3337 446 3402 Sumne
471 3341 579 3402 autem
603 3337 701 3428 nihili
722 3340 777 3424 qui
800 3363 957 3425 nequeam
1011 3393 1285 3406 .....

237 3481 283 3557 ἀγ
306 3478 395 3543 Trin.
414 3481 488 3546 965.
526 3480 643 3546 Bacch.
662 3483 705 3546 39
730 3485 810 3565 ΙΙΟΙ.
847 3483 913 3548 Mil.
932 3483 994 3568 Ill,
1017 3487 1043 3568 1,
1062 3485 1118 3548 36:

328 3603 435 3705 litque
459 3621 556 3686 etiaim
581 3621 768 3709 Philippum
792 3630 997 3690 numeratum
1012 3678 1284 3691 .....

327 3728 390 3792 Pr6
414 3728 508 3814 galea
531 3731 714 3816 scaphium,
737 3754 795 3816 pro
817 3733 941 3817 insigni
1012 3785 1285 3798 .....

328 3833 422 3900 Clare
442 3835 543 3900 oculis
564 3837 667 3918 uideri,
686 3861 756 3902 sum
775 3839 890 3923 pernix
910 3839 1068 3924 manibus,
1087 3841 1222 3924 pedibus
1238 3840 1381 3906 mabilia:

239 3979 286 4042 sic
309 3980 395 4043 enim
419 4001 457 4042 ex
481 3979 679 4063 optimorum
705 3982 850 4066 vestigiis
875 3983 1031 4048 librorum
1055 3981 1268 4048 scribendum.
1297 3982 1382 4048 Nam

239 4084 272 4148 in
301 4085 499 4151 tralaticium
526 4087 699 4152 verborum
724 4089 869 4152 ordinem
894 4089 989 4154 Clare
1016 4090 1111 4153 oculis
1139 4089 1241 4166 saraed,
1267 4094 1383 4172 pamla

238 4211 308 4255 sum
330 4192 415 4256 idem
440 4193 527 4259 cadit
554 4193 700 4277 profectu
729 4195 813 4278 quod
842 4195 876 4260 in
898 4196 1006 4261 Mu‘lta
1028 4195 1123 4260 aulul
1145 4195 1261 4276 rapitis
1283 4189 1382 4262 nescio

327 4367 354 4436 *)
374 4368 447 4438 [Hoc
471 4368 504 4423 de
522 4367 645 4422 numeris
667 4368 749 4422 huius
769 4385 864 4424 versus
883 4369 1017 4424 iudicium
1037 4371 1137 4438 postca
1154 4369 1209 4440 ipsi
1228 4371 1382 4428 Ititschelio

240 4456 364 4512 severina
382 4456 473 4512 visum
492 4457 545 4522 est;
576 4459 698 4511 ceterum
718 4475 776 4510 ears
796 4457 902 4512 delerit
920 4457 949 4511 in
968 4458 1011 4513 ed.
1032 4458 1080 4513 alt
1100 4476 1164 4513 eum
1184 4459 1323 4528 Bentlsio,
1352 4467 1384 4517 nt
1467 4497 1478 4510 ·

240 4563 265 4600 v.
285 4550 345 4600 682.
366 4552 417 4599 695
437 4547 466 4599 et
485 4545 602 4600 lortassc
622 4545 694 4616 687]
