3302 5076
590 437 822 486 nsrnrurscnn
845 437 970 486 annau.
1287 417 1351 482 649

213 581 370 646 efficiant:
397 579 493 666 idque
515 603 703 665 perversum
726 580 821 645 debet
843 579 1054 662 comparandi
1077 577 1219 643 studium
1242 577 1353 661 videri,

210 687 274 752 nisi
298 687 427 772 quidem
450 709 518 753 non
541 686 696 752 insimili
720 689 856 770 tantum,
880 685 935 749 sed
959 705 1091 768 prorsus
1115 685 1227 748 eodem
1246 686 1280 749 in
1299 706 1352 770 ge·

143 875 145 882 y
210 815 287 858 nere
310 794 334 858 ii
358 817 440 880 quos
464 815 632 878 compares
656 795 832 858 versentur.
877 790 943 876 Ita,
966 794 1003 856 ut
1025 792 1172 875 exemplo
1196 796 1283 875 utar,
1306 793 1353 858 bi-

209 921 325 966 norum
345 902 487 966 virorum
507 901 700 966 bellatorum
720 902 791 964 uter
809 899 913 964 maior
932 899 1102 983 exstiterit,
1125 899 1247 982 poterit
1266 903 1353 964 recte

211 1008 337 1092 quaeri:
360 1008 443 1074 nihil
468 1010 552 1074 enim
576 1008 640 1072 nisi
663 1029 728 1071 una
750 1005 908 1071 fortitudo
933 1008 1112 1090 spectatur;
1134 1005 1353 1078 minuscom-

211 1113 304 1179 mode
328 1115 526 1199 plerumque,
549 1137 566 1179 a
586 1114 671 1179 binis
690 1113 941 1198 imperatoribus
962 1111 1087 1178 bellicis
1107 1116 1179 1178 uter
1196 1115 1352 1197 praestet:

211 1221 294 1286 alias
317 1220 402 1286 enim
425 1221 652 1305 imperatoriae
672 1221 759 1285 vitae
779 1219 923 1285 condicio
944 1219 1116 1286 facultates
1139 1223 1266 1304 praeter
1288 1218 1352 1285 ior-

211 1328 384 1393 titudinem
408 1328 556 1413 requirit3
585 1329 694 1413 inepte
718 1332 827 1392 autem
851 1331 943 1412 agat,
966 1327 1021 1412 qui
1045 1329 1096 1392 vel
1118 1347 1232 1412 regum
1254 1327 1352 1392 bono·

211 1456 284 1498 rum
308 1435 359 1498 vel
387 1456 428 1500 ne
452 1433 594 1499 eiusdem
617 1433 746 1518 quidem
771 1432 969 1498 condicionis
993 1433 1163 1499 hominum
1185 1437 1354 1517 praestan-

212 1539 306 1624 tiam,
338 1563 420 1625 quae
448 1541 660 1626 plurimarum
688 1541 831 1626 partium
860 1539 1015 1605 societate
1043 1539 1240 1622 continetur,
1272 1543 1353 1604 tam·

212 1669 308 1731 quam
331 1648 462 1713 modulo
487 1647 596 1732 aliquo
620 1647 725 1711 metiri
749 1647 902 1712 instituat
925 1669 962 1711 eo
986 1646 1117 1730 quidem
1141 1645 1287 1729 consilio,
1309 1650 1354 1726 ut,

211 1757 320 1818 utrum
348 1755 414 1820 utri
441 1753 617 1839 praeferat,
650 1752 797 1836 definiat,
832 1753 956 1838 talique
988 1752 1022 1816 in
1050 1751 1169 1817 iudicio
1199 1753 1292 1838 quasi
1319 1775 1353 1818 re

212 1859 292 1926 bene
316 1867 410 1948 gesta
432 1861 617 1946 acquiescat
636 1863 669 1924 et
687 1859 719 1924 id
740 1858 826 1943 quod
845 1882 899 1924 res
916 1859 960 1924 sit
979 1881 1012 1924 se
1031 1858 1153 1924 scilicet
1170 1860 1352 1944 repperisse
1366 1880 1414 1920 vn

211 1965 358 2032 laetetur.
391 1966 456 2031 Sua
474 1969 591 2051 sponte
610 1969 746 2051 apparet
763 1987 827 2031 non
846 1965 885 2029 de
904 1966 944 2028 iis
963 1986 1022 2030 nos
1046 1967 1143 2051 loqui,
1166 1966 1250 2031 inter
1272 1988 1352 2051 quos

211 2074 303 2138 nulla
326 2073 457 2139 omnino
477 2072 657 2137 similitudo
676 2071 860 2137 intercedit:
883 2093 960 2136 nam
980 2072 1052 2156 quis
1069 2073 1134 2137 nisi
1153 2072 1238 2137 male
1257 2095 1355 2139 sanus

212 2201 285 2244 cum
309 2179 485 2245 virtutibus
513 2179 664 2263 opposita
697 2179 743 2242 eis
767 2177 848 2242 vitia
870 2178 1066 2261 componat?
1104 2179 1177 2262 quis
1201 2201 1268 2261 eos,
1301 2179 1356 2263 qui

212 2287 293 2370 ipsis
316 2285 474 2350 bonorum
499 2285 724 2372 malorumque
747 2285 865 2351 finibus
890 2284 1022 2350 discreti
1046 2289 1130 2369 sunt,
1153 2289 1189 2350 ut
1212 2309 1285 2352 cum
1304 2286 1356 2351 Ti·

212 2393 301 2458 berio
330 2393 380 2457 vel
409 2391 559 2477 Caligula
585 2391 695 2458 'l'itum
725 2393 775 2457 rel
805 2391 980 2457 Traianum
1014 2393 1185 2478 conferes,
1226 2392 1357 2478 Verum,

207 2505 249 2565 'ut
267 2499 435 2564 mittamus
455 2521 536 2583 quae
555 2504 669 2584 suapte
688 2503 807 2565 natura
825 2499 966 2564 absurda
985 2502 1069 2583 sunt,
1093 2521 1158 2564 non
1181 2501 1356 2566 absurdum

214 2606 343 2691 quidem
371 2606 521 2692 dixerim,
554 2607 639 2691 quod
667 2609 701 2672 in
725 2607 844 2672 scholis
869 2627 1114 2690 saepenumero,
1147 2606 1356 2692 Philippusne

215 2737 258 2779 an
281 2713 465 2779 Alexander
487 2718 643 2798 praestet,
666 2714 831 2799 disputare
854 2712 1088 2778 adulescentuli
1111 2713 1276 2779 iubentur:
1300 2715 1357 2780 sed

213 2819 391 2905 probabile,
411 2819 467 2884 sed
486 2821 687 2886 fructuosum
702 2821 804 2885 videri
822 2843 863 2886 ne
882 2821 944 2907 hoc
963 2820 1091 2904 quidem
1107 2825 1230 2905 potest3
1254 2822 1356 2886 multo

212 2928 320 2994 minus
343 2930 462 3011 potest,
485 2927 571 3012 quod
590 2928 721 2992 memini
739 2932 982 3012 praeceptorem
1001 2928 1165 3013 ceteroqui
1184 2929 1264 2993 satis
1284 2951 1355 3014 pro·

213 3034 354 3100 babilam
377 3055 566 3118 proponere,
589 3038 626 3099 ut
649 3035 880 3119 exploraretur,
904 3037 1012 3099 utrum
1031 3057 1048 3098 e
1071 3034 1266 3100 variolarum
1287 3058 1357 3101 vao-

77 3211 79 3214 ,
213 3143 358 3208 cinerum
382 3141 536 3206 insitione
559 3163 601 3207 an
624 3165 641 3207 e
665 3142 890 3207 machinarum
915 3143 1045 3226 vaporis
1069 3143 1101 3206 vi
1125 3145 1287 3206 motarum
1311 3143 1356 3206 in·

214 3248 364 3314 ventione
387 3249 459 3332 plus
483 3247 637 3314 utilitatis
661 3249 696 3313 in
718 3249 887 3314 hominum
912 3247 1012 3312 vitam
1036 3247 1255 3314 redundasset.

305 3356 414 3440 Atque
436 3355 515 3420 baec
537 3377 604 3420 non
628 3355 740 3420 dubito
765 3355 843 3440 quin
866 3354 979 3420 multis
1004 3358 1160 3439 vestrum,
1184 3355 1357 3438 auditores,
1404 3360 1405 3363 ’

214 3463 294 3528 satis
318 3461 448 3526 exiliter
470 3461 636 3546 disputare
661 3463 768 3528 videar
791 3467 825 3527 et
845 3462 985 3528 fortasse
1009 3461 1071 3528 huc
1094 3485 1208 3547 parum
1232 3485 1356 3528 accom-

215 3569 354 3634 modate.
400 3567 444 3633 Et
471 3573 581 3632 tamen
611 3568 722 3633 eadem
751 3569 790 3633 ad
818 3589 878 3633 nos
907 3568 1041 3652 propius
1071 3591 1168 3653 quam
1196 3570 1357 3655 quispiam

216 3678 309 3758 putet
332 3673 503 3758 pertinent.
547 3673 670 3740 Eorum
695 3675 789 3759 enim,
812 3675 868 3759 qui
891 3675 1009 3740 litteris
1034 3676 1135 3741 vitam
1158 3681 1192 3741 et
1214 3676 1357 3740 studium

217 3803 309 3846 suum
334 3780 537 3866 dediderunt,
561 3783 815 3867 quotusquisque
839 3787 902 3865 est,
926 3805 1059 3869 quaeso,
1083 3783 1161 3867 quin
1184 3782 1356 3869 aliquando

216 3911 309 3953 suam
339 3909 412 3953 cnm
436 3889 549 3954 ceteris
573 3888 754 3974 disciplinis
778 3889 826 3954 ita
849 3889 1058 3973 compararit,
1090 3895 1126 3954 ut
1149 3912 1241 3955 suam
1264 3889 1356 3954 unice

216 3997 382 4079 probaret,
408 4015 486 4079 prae
516 4017 574 4061 sua
597 3996 738 4081 reliquas
760 3994 945 4060 fastidiret?
992 3994 1084 4072 Quod
1107 4016 1180 4061 cum
1203 3996 1241 4060 de
1264 3995 1356 4060 disci·

216 4101 314 4186 plinis
338 4102 496 4166 universis
520 4107 590 4168 tum
613 4103 651 4166 de
670 4103 808 4188 singulis
827 4104 976 4189 partibus
995 4103 1118 4167 dictum
1137 4102 1220 4169 volo.
1248 4101 1359 4186 Velut,

217 4212 254 4271 ut
286 4230 304 4273 e
336 4208 416 4272 meis
449 4207 563 4272 studiis
597 4209 779 4292 exemplum
811 4231 978 4294 promam,
1011 4208 1082 4292 quis
1114 4229 1179 4272 non
1210 4209 1358 4275 meminit

217 4314 392 4380 acerrimae
421 4313 508 4378 illius
536 4315 763 4399 contentionis,
786 4339 850 4400 qua
873 4315 931 4381 alii
953 4315 1047 4380 unius
1071 4315 1200 4400 linguae
1224 4313 1356 4400 indaga·

216 4422 306 4486 tione
331 4443 440 4486 veram
466 4420 681 4506 philologiam
710 4424 868 4487 contineri
892 4421 1043 4487 arbitrati
1068 4443 1123 4487 eos
1147 4421 1358 4507 despicerent,

218 4529 273 4613 qui
291 4529 433 4612 positam
452 4549 522 4592 essa
541 4529 576 4592 in
595 4549 701 4592 rerum
724 4527 930 4612 potissimum
948 4527 1142 4594 tractatione
1161 4526 1359 4612 dictitarent,
