3318 5072
541 390 807 438 aunuunmours
831 390 1041 438 ensvmnsn
1299 373 1363 436 507

223 533 427 600 scribendum
447 555 517 599 esse
536 535 655 598 certius
674 556 759 600 nuno
777 555 875 618 quam
894 533 927 599 iu
948 532 1160 598 annotatione
1181 532 1364 618 pronuntio.

222 640 286 707 Sed
317 639 491 726 diligenter
521 639 598 705 hinc
630 641 679 705 illi
711 663 823 706 versus
856 639 1048 728 segregandi
1083 643 1173 723 sunt,
1206 639 1261 723 qui
1293 661 1364 704 cum

221 748 349 834 possint
376 769 454 812 saue
477 747 579 812 ternis
604 746 744 832 dipodiis
767 747 884 830 dividi,
912 747 980 811 eius
1004 750 1114 812 tamen
1144 744 1363 830 discriptionis

222 854 448 920 necessitatem
470 875 536 920 nou
559 854 715 940 habeant,
744 855 798 920 sed
822 854 1004 939 legitimam
1028 876 1195 920 caesuram
1219 853 1363 938 aliquam

221 965 374 1027 tueantur
411 961 554 1028 elisionis
591 965 719 1028 tautum
757 983 795 1026 eo
831 981 893 1025 usu
932 961 1113 1045 paullulum
1157 961 1364 1026 obscuratam

221 1089 317 1154 quem
346 1069 412 1132 iam
441 1068 476 1132 in
507 1067 699 1152 septenariis
724 1067 894 1132 illustravi.
944 1065 1043 1132 Velut
1065 1070 1195 1151 praesto
1221 1070 1270 1130 est
1292 1065 1365 1150 ipsa

223 1174 456 1261 semiquinaria
479 1197 507 1238 v.
532 1174 604 1239 141.
630 1175 706 1239 784:

310 1319 431 1384 Dabam
454 1317 516 1382 tibi
539 1317 661 1398 dotem,
685 1317 714 1380 ei
738 1315 834 1400 quam
858 1315 966 1398 dares,
989 1315 1057 1380 eius
1082 1316 1101 1378 a
1124 1319 1225 1399 patre.

311 1423 529 1510 Suspitionem
553 1425 594 1487 ab
618 1423 822 1488 adulescente
846 1421 1017 1486 amoueris.

222 1566 460 1651 Simillimaque
483 1566 567 1632 ratio
591 1589 701 1631 eorum
720 1564 923 1631 multitudini
942 1563 1125 1630 adhibenda
1144 1567 1277 1650 estqui,
1300 1567 1364 1630 nisi

222 1675 388 1740 elisionem
424 1695 490 1738 uon
526 1675 631 1759 magis
669 1674 800 1738 obstare
836 1671 1163 1755 hephthemimeri
1183 1671 1214 1759 *)
1247 1695 1343 1758 quam
1363 1694 1523 1736 ccnxxxnr

220 1781 470 1865 penthemimeri
498 1781 694 1863 memineris,
725 1781 828 1844 binis
859 1779 1007 1864 pertibus
1036 1779 1171 1864 dispesti
1196 1780 1364 1846 videantur

221 1911 354 1973 prorsus
378 1888 462 1952 inter
486 1909 520 1952 se
544 1887 742 1971 aequalibus.
789 1886 956 1951 Pertiuent
977 1885 1042 1950 huc
1065 1909 1092 1952 v.
1116 1886 1168 1950 23.
1195 1885 1266 1950 164.
1294 1886 1365 1950 167.

222 1997 296 2061 213.
320 1996 397 2060 214.
419 1995 494 2059 436.
518 1993 592 2058 462.
616 1992 694 2059 536:

381 2135 532 2202 Amicum
557 2136 717 2222 castigare
741 2137 783 2200 ob
808 2135 958 2200 meritam
983 2135 1123 2200 noxiam.

381 2244 426 2310 Et
448 2234 555 2310 misam
579 2244 770 2309 fidelita'tem
794 2247 827 2308 et
850 2244 952 2308 celata
975 2242 1093 2308 omnia.

382 2352 435 2416 Me
459 2352 592 2417 abse'nte
617 2355 715 2436 atque
737 2350 904 2432 insciente,
927 2349 1112 2414 inconsultu
1138 2369 1218 2414 meo.

347 2469 351 2476 “
380 2456 554 2544 Indignum
578 2458 710 2523 ciuitate
734 2480 772 2522 ac
795 2479 865 2522 sese
890 2455 1006 2522 uiuere.

382 2565 482 2631 Bonis
506 2566 561 2650 qui
584 2566 670 2631 hunc
693 2565 929 2630 adulescentem
953 2565 1128 2630 euertisset
1152 2565 1227 2630 suis.

382 2672 511 2739 Saluere
535 2671 751 2739 Lesbonicum
776 2675 809 2736 et
832 2671 1020 2737 Stasimum.
1052 2669 1098 2736 Di
1119 2671 1218 2737 duint

381 2780 561 2865 Vtrumque
585 2777 760 2845 Lesbonico
784 2779 819 2843 in
843 2782 950 2843 aetate
973 2778 1038 2842 basi
1062 2778 1225 2864 bouumst.

383 2885 451 2952 Alii
473 2910 507 2952 se
530 2886 732 2971 suspendere.
765 2907 804 2950 en
824 2885 903 2966 [em]
927 2906 1011 2950 nunc
1035 2883 1088 2948 bie
1111 2883 1226 2968 quoius
1250 2883 1365 2970 est**)

328 3097 354 3166 ²)
373 3097 482 3166 Nequi
501 3097 573 3153 forte
593 3096 752 3152 indubitata
770 3095 899 3168 exempla
917 3113 1003 3167 purae
1022 3097 1082 3152 h.e.
1097 3114 1160 3152 eum
1175 3095 1290 3150 elisione
1309 3111 1366 3149 uon

222 3187 386 3242 coniunctae
410 3185 656 3255 semiseptenariae
680 3185 850 3256 desiderent,
878 3187 949 3241 haec
974 3185 1099 3242 habento
1123 3205 1148 3242 v.
1173 3191 1215 3240 27.
1242 3191 1292 3239 loo
1317 3183 1363 3256 [01.

223 3277 318 3331 annot.
338 3275 380 3328 ed.
400 3273 471 3346 alt.].
491 3281 551 3328 201.
571 3281 632 3328 sel.
653 3281 712 3330 465.
733 3280 792 3330 549.
813 3282 873 3330 600.
894 3281 959 3330 812:

382 3382 491 3436 Inuitus
511 3380 539 3434 ui
558 3381 587 3436 id
607 3397 650 3436 me
670 3379 773 3436 inultet
790 3383 822 3436 ut
840 3381 942 3436 faciam
962 3381 1038 3436 fides.

383 3469 577 3526 Thensaurum
596 3468 801 3525 demonstrauit
820 3468 890 3524 mihi
909 3469 938 3524 in
957 3471 1034 3526 hisce
1053 3469 1178 3528 aedibus.

333 3587 336 3594 ,
384 3559 481 3628 Neque
500 3556 764 3626 confidentiloquius
781 3574 872 3627 neque
891 3556 1037 3628 perionius.

384 3647 439 3702 Sed
457 3647 511 3702 boc
530 3650 615 3701 uiuum
635 3646 796 3701 consolatur
814 3663 859 3702 me
878 3649 963 3717 atque
982 3647 1107 3702 animum
1126 3667 1226 3707 meum.

382 3738 455 3792 Nam
475 3740 499 3792 si
518 3737 558 3791 sic
577 3753 634 3791 nou
652 3734 757 3807 licebit,
776 3736 870 3791 luscus
888 3737 992 3791 dixero.

383 3827 462 3882 Sicut
481 3826 685 3882 fortunatorum
705 3827 862 3880 memorant
880 3824 993 3882 insulas.

383 3915 433 3972 Ibo
452 3918 506 3972 bric
525 3933 581 3987 quc
601 3914 639 3970 mi
659 3914 868 3986 imperatumst,
888 3913 941 3970 etsi
961 3915 1007 3971 odi
1026 3915 1098 3971 banc
1118 3916 1239 3973 domum.

382 4006 491 4062 Natura
509 4005 561 4061 illa
578 4008 663 4076 atque
682 4003 815 4076 iugenio?
833 4004 996 4060 iamdudum
1015 4006 1128 4060 ebriust.

296 4112 337 4182 ”)
357 4113 470 4182 Triplex
488 4111 663 4178 definiendae
682 4129 813 4169 caesurae
833 4113 879 4168 via
896 4115 976 4182 patet
995 4131 1018 4165 v.
1039 4118 1103 4166 456:

383 4216 576 4274 Fereularium
594 4235 654 4272 esse
673 4223 793 4274 amlcum
812 4219 956 4274 inuentum
974 4218 1120 4289 intellego:

224 4322 272 4377 nbi
295 4327 361 4394 post
383 4327 501 4380 amicum
523 4325 617 4380 locum
639 4325 741 4381 babere
764 4324 1021 4396 hephthemimeres
1044 4327 1139 4395 potest
1163 4323 1221 4379 sine
1241 4324 1366 4396 elisione,

225 4414 289 4482 post
311 4429 366 4468 esse
388 4412 455 4468 item
481 4413 540 4468 sine
559 4413 673 4468 elisione
691 4413 940 4484 penthemimeres,
963 4413 1068 4470 ibidem
1087 4430 1151 4468 cum
1170 4411 1286 4468 elisione
1305 4430 1366 4469 cae-

223 4517 288 4556 sura
306 4504 376 4555 κατά
398 4503 530 4570 δεύτερον
548 4503 655 4570 lautos,
679 4504 711 4556 ut
729 4503 898 4557 Graecorum
921 4501 951 4558 in
974 4504 1060 4560 simili
1083 4520 1184 4560 caussa
1202 4502 1365 4573 appellatio·
