3332 5074
556 404 817 452 ananonmours
841 405 1048 453 eunvmnna.
1315 392 1381 454 413

237 547 384 613 brosiani
409 547 600 632 scripturam
625 547 696 630 Epo‘
715 569 831 631 qaoque
848 548 914 614 asad
926 549 997 614 uolo
1015 548 1197 634 improbavi
1216 571 1294 634 prae
1312 551 1380 614 vul-

236 659 315 740 gata
337 654 405 738 Epo
428 654 546 737 qrrdqac
567 655 637 720 uolo
659 654 729 720 etse.
762 654 965 740 Quamquam
989 677 1047 722 uec
1070 656 1104 721 in
1126 675 1177 738 eqo
1201 659 1269 721 tam
1292 678 1379 722 seve-

236 784 291 828 rus
320 783 398 826 usus
426 783 524 846 quam
552 761 586 826 iu
613 761 692 826 mibi
720 762 775 826 tabi
802 762 902 828 fuisse
930 763 1071 847 videtur,
1103 766 1137 827 et
1159 763 1266 847 ipsum
1289 762 1381 827 mibi

235 869 476 934 excusationem
505 867 625 934 habere
652 869 687 933 in
715 869 834 934 cantici
863 891 958 936 versu
981 871 1060 936 233:
1092 869 1142 935 Dc
1167 869 1225 936 bac
1248 871 1285 934 rc'
1302 871 1383 934 mibi

234 977 312 1042 satis
326 975 399 1041 'had
422 977 515 1059 liquet
536 973 630 1062 (cailo
651 995 700 1041 aa
723 980 760 1042 ut
781 999 840 1062 pro
864 977 1029 1044 tribracho
1054 975 1122 1064 sit),
1144 977 1293 1062 quamvis
1316 979 1379 1042 exi·

236 1102 300 1167 gua
327 1083 373 1147 ibi
402 1083 585 1150 mutatione
612 1083 690 1148 mibi
716 1083 780 1148 lauri
809 1086 886 1150 sutis
908 1084 1077 1150 scribatur.
1123 1083 1215 1149 Idam
1238 1106 1380 1169 prorsus,

236 1188 323 1273 quod
351 1189 390 1253 de
418 1190 511 1256 milri
538 1190 607 1255 tibi
635 1191 737 1272 valet,
769 1190 883 1255 cadere
906 1190 941 1254 in
966 1191 1077 1274 quasi
1099 1194 1133 1256 et
1154 1192 1234 1256 nisi
1256 1195 1380 1275 putato.

236 1294 282 1359 At
310 1317 387 1361 vero
417 1298 623 1363 excusatione
647 1297 777 1362 carebat
799 1296 991 1382 productum
1014 1318 1065 1381 apo
1092 1321 1121 1362 ιι.
1145 1297 1211 1363 515
1236 1297 1307 1364 chi
1328 1298 1382 1381 cyri

235 1403 387 1467 rationem
409 1404 545 1484 reddam,
569 1405 654 1490 quod
677 1404 793 1469 vitium
816 1403 925 1468 addito
949 1425 987 1468 ex
1011 1404 1230 1470 Ambrosiano
1253 1426 1292 1468 ne
1313 1427 1381 1470 sus·

237 1509 308 1574 tuli.
354 1507 475 1575 Contra
506 1531 571 1576 uon
604 1508 677 1595 plus
710 1509 896 1575 offensionis
929 1510 962 1574 in
991 1510 1120 1576 creticis
1148 1533 1177 1578 v.
1208 1513 1283 1579 281.
1315 1513 1379 1578 293

238 1623 288 1697 epo
310 1614 421 1681 habet:

395 1722 481 1788 Nolo
504 1743 555 1806 syo
579 1745 652 1788 oum
675 1721 834 1809 improbis
857 1724 890 1787 te
914 1723 993 1789 uiris
1016 1725 1115 1809 gnate
1139 1725 1197 1790 mi:

395 1827 458 1894 His
481 1849 533 1912 epo
556 1827 596 1893 de
619 1829 743 1895 artibus
767 1830 907 1916 gratiam
931 1831 1015 1896 facio
1041 1869 1092 1917 -,

239 1971 290 2034 vel
313 1970 393 2034 mita
415 1971 512 2037 Most
534 1969 594 2054 Ill,
614 1972 648 2056 ’2,
674 1973 700 2037 1.
724 1971 758 2035 3:

395 2094 510 2160 Malius
534 2117 619 2160 anno
641 2093 703 2160 h6c
726 2095 803 2160 criti
825 2098 889 2161 ndu
912 2097 976 2162 fuit
999 2097 1100 2162 domi:

396 2201 572 2267 Prandium
594 2203 675 2267 uxor
697 2202 775 2266 aiibi
797 2203 978 2287 perbouum
1002 2205 1092 2270 dedit
1116 2242 1154 2252 -

236 2367 334 2430 quam
356 2343 391 2408 in
414 2344 595 2410 mutatione
617 2365 829 2428 personarum
853 2343 1044 2430 productum
1068 2348 1124 2412 tabi
1146 2370 1173 2414 v.
1193 2347 1272 2414 982:
1380 2367 1477 2408 cnxxr

325 2484 392 2551 OH.
415 2485 543 2551 Fassu’s
566 2483 773 2552 Charmidem
796 2485 922 2552 dedisse
946 2493 1059 2554 aurum
1083 2490 1146 2555 tobi.
1192 2485 1255 2554 SY.
1279 2489 1379 2574 scrip·

1087 2599 1157 2660 tdm
1181 2595 1321 2681 quidem.

234 2683 280 2748 Et
303 2685 432 2748 tantum
455 2681 585 2767 quidem
608 2679 647 2745 de
671 2681 851 2766 bisyllabis.

324 2788 401 2855 Non
433 2788 538 2874 magis
569 2790 678 2852 autem
706 2810 804 2873 quam
831 2789 866 2854 in
892 2788 944 2854 his
973 2781 1055 2875 quae
1082 2791 1307 2876 tractavimus,
1340 2792 1379 2856 in

236 2895 373 2962 mediis
397 2895 601 2961 vocabulis
625 2895 798 2960 brevium
827 2895 1069 2980 syllabarum
1092 2899 1299 2982 productio
1323 2922 1379 2983 po·

234 3002 301 3067 tius
323 3025 421 3087 quam
446 3002 646 3085 correptio
670 3001 876 3086 longarum
899 3002 1007 3068 locum
1029 3003 1154 3068 habuit.
1200 3003 1268 3070 Nec
1291 3005 1378 3071 enim

235 3109 367 3194 produci
385 3108 493 3174 brevis
513 3107 639 3193 syllaba
657 3108 792 3173 dicenda
810 3111 860 3173 est
877 3108 1082 3174 innuamus
1096 3108 1149 3190 [cf.
1164 3109 1380 3194 praef.Trin.²

234 3238 265 3300 p.
288 3217 388 3298 nxw]
417 3237 475 3300 per
498 3215 668 3280 Plautinas
690 3214 819 3280 fabulas
842 3237 972 3301 novem,
1004 3216 1059 3282 sed
1081 3217 1182 3302 longa
1204 3218 1322 3302 corripi
1345 3219 1379 3283 in

235 3321 388 3387 Poenulo.
433 3321 518 3386 Item
546 3326 708 3386 servatam
739 3322 872 3407 longam
903 3322 1063 3406 vocalem,
1095 3345 1177 3408 quae
1206 3325 1379 3409 paullatim

235 3429 268 3494 in
295 3428 489 3495 brevitatem
517 3428 645 3511 abierit,
678 3429 741 3496 dici
770 3433 900 3515 oportet
921 3431 955 3494 iu
978 3433 1161 3510 cononicis,
1183 3429 1218 3496 in
1243 3431 1296 3512 (ici
1315 3432 1378 3513 fui-

234 3553 316 3611 mus,
348 3533 383 3598 in
409 3537 456 3600 rcc'
483 3537 557 3620 aar,
584 3536 659 3621 plus
682 3537 800 3622 viginti
823 3540 932 3602 autem
955 3538 1112 3623 exemplis
1135 3538 1295 3604 Plautinis
1318 3538 1378 3605 Te·

234 3641 455 3726 rentianisque
479 3641 513 3707 iu
536 3644 570 3706 ci
591 3643 701 3708 dativo
726 3643 782 3728 qui
804 3643 842 3707 fit
865 3665 885 3706 a
906 3644 1108 3711 nominativo
1132 3647 1209 3711 caea
1227 3647 1272 3710 id:
1297 3667 1378 3730 quae

235 3747 384 3833 exempla
411 3747 445 3812 in
473 3750 640 3833 prooemio
669 3749 767 3815 schol
795 3748 862 3814 hib.
888 3748 992 3816 Boun.
1016 3773 1044 3817 a.
1073 3768 1291 3819 cmlncccxffl
1322 3753 1378 3833 [=-

234 3853 352 3938 Opusc.
365 3853 445 3941 phil.
459 3854 492 3919 ΙΙ
505 3877 535 3940 p.
547 3857 612 3921 419
624 3859 683 3944 sq.]
700 3855 878 3941 composui.
910 3855 1015 3932 Quam
1034 3858 1174 3924 formam
1194 3859 1250 3945 qui
1268 3858 1319 3923 vel
1339 3859 1380 3922 cii

235 3961 381 4026 scribunt
404 3962 456 4027 vel
485 3961 526 4026 ad
549 3960 798 4027 similitudinem
821 3963 886 4027 aas
909 3963 1053 4046 genetivi
1075 3966 1128 4048 eji,
1161 3965 1221 4030 etsi
1244 3986 1308 4048 qua
1330 3987 1378 4030 ra-

235 4065 446 4133 tiocinatione
470 4073 604 4134 utantur
627 4069 799 4155 intellego,
826 4074 937 4135 tamen
963 4071 1073 4136 nescio
1098 4093 1161 4156 qua
1183 4093 1217 4136 ae
1241 4071 1378 4136 auctori·

234 4177 301 4238 tate
329 4177 490 4242 tutentur:
526 4196 603 4240 nam
633 4175 718 4259 quod
746 4176 780 4240 in
807 4175 880 4260 lege
904 4174 1043 4241 Servilia
1070 4177 1121 4242 bis
1148 4177 1379 4262 scriptumest

234 4297 321 4364 amu,
352 4280 385 4346 id
415 4287 471 4346 aut
499 4282 533 4347 in
561 4284 699 4364 utraque
729 4281 857 4365 syllaba
884 4282 1079 4347 imitandum
1108 4285 1164 4346 aut
1191 4283 1226 4348 in
1253 4287 1378 4350 neutra.

235 4386 440 4482 Quamquam
463 4387 570 4471 magis
590 4387 699 4472 etiam,
721 4389 758 4452 ut
776 4385 839 4452 hoc
856 4387 891 4452 in
909 4391 1098 4454 transcursu
1117 4411 1378 4478 commemorem,

233 4493 339 4573 reffert
353 4495 548 4578 scripturam
567 4495 670 4560 miror
687 4517 745 4579 pro
764 4495 859 4576 refert
875 4515 941 4560 non
960 4495 1222 4562 commendatam
1240 4501 1378 4585 tantum,
