3318 5072
304 369 367 434 528
466 398 473 414 .
591 383 852 434 enousooueux
876 387 923 434 ou
948 385 1158 436 armorumve

305 535 480 628 apparatus
514 537 547 596 et
579 531 803 596 laudationum
836 531 954 597 honos:
994 531 1049 597 sed
1082 532 1232 597 ludorum
1266 529 1446 616 amplitudo

305 661 403 724 quam
430 661 495 704 non
518 639 669 723 frequens
696 639 811 722 fuerit,
839 639 930 723 gravi
959 638 1153 704 documento
1176 639 1447 722 diligentissimus

303 747 452 811 ludorum
477 747 621 810 omnium
641 750 809 812 enarrator
826 744 940 812 Livius
960 767 1030 810 esse
1048 749 1168 831 potest,
1190 747 1225 811 in
1244 747 1336 812 cuius
1354 745 1448 810 libris

305 852 396 918 XXV
417 853 479 918 duo
499 857 628 918 tantum
646 853 711 916 nisi
729 851 824 917 fallor
842 853 1029 918 testimonia
1053 856 1183 918 exstant
1202 853 1240 918 de
1259 853 1448 919 funebribus

304 961 487 1026 ludis—inde
511 982 531 1023 a
554 959 674 1024 saeculi
697 982 728 1043 p.
751 983 782 1026 u.
806 982 832 1025 c.
856 961 939 1025 sexti
964 982 1049 1026 anno
1072 979 1169 1025 xxxv
1194 961 1234 1025 ad
1258 978 1447 1025 a.1,xxxvr1

304 1069 481 1132 factorum:
519 1090 656 1151 quorum
684 1067 804 1134 alteros
828 1067 871 1131 M.
895 1067 1035 1133 Aemilio
1059 1068 1181 1152 Lepido
1204 1068 1288 1132 filios
1311 1066 1448 1132 Lucium

304 1175 451 1240 Marcum
485 1172 641 1250 Quintum
675 1174 801 1239 dedisse
835 1197 863 1240 a.
886 1193 1062 1259 Dxxxvnr,
1095 1175 1215 1240 alteros
1248 1174 1291 1240 M.
1314 1174 1447 1240 Valerio

304 1281 446 1347 Laevino
469 1279 504 1345 P.
528 1286 560 1344 et
582 1280 626 1346 M.
658 1281 742 1347 lilios
775 1304 803 1346 a.
826 1298 910 1346 Dnrv
942 1281 1084 1365 prodidit
1116 1281 1172 1346 lib.
1197 1280 1322 1366 XXIII,
1345 1282 1389 1347 30
1416 1286 1449 1345 et

305 1386 426 1470 XXXI,
440 1387 492 1452 50.
527 1387 571 1452 Et
594 1387 665 1471 bos,
688 1389 756 1452 sive
780 1388 906 1473 aliquot
929 1389 1012 1454 alios
1036 1389 1167 1454 silentio
1191 1389 1448 1472 praetermisisse

305 1493 433 1559 Livium
456 1493 546 1558 nullo
570 1499 761 1579 argumento
790 1495 980 1579 conieceris‚
1010 1517 1074 1580 quo
1098 1495 1230 1560 tandem
1254 1501 1448 1580 argumento

305 1623 372 1666 non
404 1601 510 1666 dicam
542 1602 685 1687 evinces,
716 1603 772 1667 sed
805 1602 1018 1687 probabiliter
1046 1603 1255 1688 persuadebis
1284 1605 1448 1670 scaenicos

306 1708 430 1772 fuisse?
467 1729 539 1772 oum
566 1709 599 1773 in
627 1709 689 1774 hoc
717 1730 843 1794 quoque
871 1730 988 1795 genere
1011 1713 1079 1775 tam
1103 1711 1240 1776 mirifica
1263 1710 1353 1775 illius
1378 1710 1449 1776 dili·

306 1815 418 1898 gentia
441 1815 601 1879 exstiterit
623 1821 669 1899 ut,
693 1815 852 1900 siquando
872 1817 971 1881 etiam
992 1817 1131 1883 scaenici
1150 1817 1202 1882 vel
1220 1817 1361 1883 Ιίοιιιιιιιί
1379 1817 1447 1881 ludi

305 1922 356 1985 vel
379 1921 583 2008 Megalenses
611 1922 661 1987 vel
690 1924 747 1987 alii
774 1923 928 2009 fuissent,
961 1924 993 1988 id
1022 1924 1150 1988 curiosa
1177 1923 1240 1990 lide
1268 1929 1448 1989 annotaret.

305 2027 349 2091 Et
371 2029 405 2094 in
422 2028 538 2114 Lepidi
562 2034 659 2114 atque
678 2030 812 2096 Laevini
835 2031 919 2097 ludis
944 2021 982 2096 ea
1005 2031 1044 2096 de
1069 2054 1103 2096 re
1123 2031 1248 2096 Livium
1272 2033 1447 2098 taciturum

304 2132 490 2232 fuisseuboc
514 2138 620 2202 minus
644 2137 796 2202 credibile
820 2142 882 2221 est,
906 2138 993 2222 quod
1015 2139 1050 2202 in
1073 2139 1219 2222 utrisque
1241 2139 1309 2203 doli
1327 2139 1447 2221 plodio

305 2244 378 2307 terii
399 2246 537 2310 muneres
558 2245 750 2310 nominatim
773 2245 972 2310 mentionem
996 2244 1081 2311 fecit.
1113 2244 1164 2310 Ex
1183 2244 1234 2310 his
1257 2246 1360 2331 igitur
1381 2267 1448 2310 non

304 2349 413 2433 inepte
436 2351 548 2436 colligi
567 2350 702 2436 videtur,
724 2351 892 2435 aliquanto
918 2352 1130 2438 posteriorem
1155 2357 1295 2418 aetatem
1319 2353 1447 2417 demum

306 2455 469 2520 scaenicos
493 2457 586 2522 ludos
611 2459 708 2523 etiam
732 2458 772 2523 ad
795 2460 956 2543 privatam
979 2459 1235 2524 munificentiam
1259 2459 1379 2524 ascitos
1404 2457 1448 2522 ri-

305 2561 399 2626 disse.
431 2562 511 2626 Tam
531 2567 639 2629 autem
662 2566 805 2631 incertus
829 2587 902 2631 cum
925 2565 1076 2630 ludorum
1098 2565 1284 2631 funebrium
1308 2565 1342 2629 in
1364 2569 1447 2628 trac·

304 2668 405 2733 tanda
426 2692 460 2734 re
485 2671 632 2736 scaenica
653 2671 875 2737 Romanorum
893 2694 971 2737 usus
991 2672 1188 2757 apparuerit,
1211 2671 1297 2736 haud
1317 2672 1385 2736 scio
1405 2693 1448 2736 an

305 2775 388 2840 alius
412 2777 579 2843 cuiusdam
602 2779 863 2844 ratiocinationis
887 2801 964 2844 suae
988 2778 1129 2844 Meierus
1152 2801 1218 2844 non
1242 2779 1378 2843 nimium
1400 2783 1448 2842 te·

304 2904 368 2948 uax
400 2884 529 2949 futurus
563 2886 623 2951 sit:
669 2885 757 2970 quali
789 2889 909 2951 memet
939 2885 1044 2950 fateor
1077 2908 1118 2950 ne
1151 2906 1284 2950 usurum
1317 2884 1447 2969 quidem

168 2989 420 3054 ccoxxufuisse:
456 2991 611 3056 nimirum
640 2996 868 3076 argumentum
897 2992 1024 3057 fabulae
1053 2991 1093 3057 ad
1118 2993 1323 3056 severitatem
1347 3012 1445 3075 quan·

304 3096 378 3161 darn
402 3120 529 3163 morum
548 3102 582 3162 et
599 3098 768 3163 tristitiam
788 3099 987 3183 compositae
1006 3099 1041 3163 in
1058 3099 1210 3164 funebres
1230 3098 1323 3162 ludos
1343 3097 1448 3182 magis

258 3273 259 3278 γ
305 3225 401 3286 quam
429 3205 462 3269 in
491 3205 693 3289 Megalenses
723 3206 902 3272 convenire.
948 3203 1033 3270 Nam
1062 3205 1149 3289 qnod
1175 3208 1342 3289 praeterea
1370 3203 1449 3269 dicit

304 3331 370 3375 uon
394 3333 491 3396 posse
514 3334 580 3376 non
602 3312 721 3399 frigere
744 3313 901 3396 Lysitelis
924 3335 953 3378 v.
977 3313 1042 3376 695
1065 3312 1254 3377 ludibrium:
1293 3310 1396 3392 Quid?
1420 3315 1448 3374 te

304 3418 481 3482 dictatorem
499 3439 598 3484 censes
613 3419 689 3500 sore,
712 3419 813 3483 siots
831 3425 858 3484 le
875 3441 986 3503 aprum
1004 3419 1193 3502 neemia?
1216 3418 1277 3482 hoc
1297 3417 1325 3481 si
1343 3418 1447 3483 multo

304 3529 379 3608 post
403 3547 522 3590 annum
545 3543 619 3590 nun
643 3526 766 3591 dietum
790 3529 889 3610 esset,
917 3525 1037 3611 quippe
1061 3547 1124 3609 quo
1149 3547 1233 3590 anno
1256 3524 1447 3591 dictatorem

304 3629 457 3696 Plautina
489 3636 578 3698 aetas
611 3638 775 3717 postremo
809 3632 957 3698 vidisset:
993 3633 1040 3697 ita
1068 3631 1221 3716 quoniam
1249 3631 1289 3695 ad
1317 3653 1447 3696 sensum

305 3759 356 3802 res
389 3738 494 3802 omnis
522 3740 652 3804 redacta
680 3744 744 3825 est,
776 3761 841 3804 non
872 3740 976 3804 babeo
1009 3739 1095 3823 quod
1126 3737 1354 3821 respondeam,
1385 3737 1447 3802 nisi

305 3845 386 3910 mibi
408 3867 473 3911 non
497 3847 622 3933 frigere.
657 3845 744 3912 Satis
767 3848 854 3912 enim
873 3869 1016 3931 caussae,
1038 3868 1095 3910 cur
1114 3845 1232 3910 summi
1252 3845 1307 3928 qui
1325 3845 1447 3910 Itomae

305 3959 391 4018 esset
419 3953 552 4020 honoris
583 3954 802 4039 appetentiam
830 3953 1011 4019 Lesbonico
1041 3953 1201 4037 Lysiteles
1229 3973 1286 4035 per
1313 3952 1448 4017 acrimo-

304 4061 393 4125 niam
416 4061 582 4146 tribueret,
606 4060 711 4126 sentio
736 4061 769 4125 iu
794 4061 840 4125 eis
863 4058 963 4124 fuisse
987 4060 1104 4143 quibus
1127 4059 1183 4124 ille
1201 4058 1327 4124 consilii
1347 4057 1447 4122 obsti-

304 4169 471 4234 nationem
494 4191 654 4234 summam
677 4167 848 4232 fastidiosa
865 4166 999 4231 honoris
1023 4167 1073 4230 sui
1095 4167 1270 4231 iactatione
1288 4169 1449 4229 tueretur:

307 4273 350 4339 Te
371 4276 516 4354 bonnm,
543 4296 592 4340 me
613 4279 715 4340 aulem
738 4274 909 4338 conlutitet:
945 4273 1016 4338 Tibi
1037 4275 1080 4338 sit
1100 4273 1335 4338 neumarum
1357 4272 1448 4336 bono

305 4381 502 4467 meqa

394 4487 566 4553 Praeterea
595 4488 752 4571 scriptum
779 4486 881 4552 fuisse
909 4487 941 4550 in
971 4486 1147 4552 didascalia
1175 4501 1315 4551 osseos
1340 4501 1447 4549 unex-
