3302 5076
590 428 824 477 nnsmruscna
848 428 973 476 sunna.
1285 412 1350 476 629

208 574 245 635 ut
263 576 507 636 consummatae
527 570 747 656 praestantiae
766 569 937 634 historiam
956 570 1141 634 litterarum
1156 569 1350 636 Graecarum

205 677 439 762 nanciscamur,
452 679 525 761 nisi,
539 700 602 762 quo
616 675 859 742 communitatis
874 675 1002 744 vinculo
1017 675 1182 740 rariorum
1196 697 1349 760 generum

204 787 313 868 partes
333 785 418 850 inter
432 807 466 850 se
485 787 713 851 contineantur
729 784 885 869 singulae,
907 783 996 850 velut
1018 807 1081 850 uno
1104 791 1278 870 conspeetu
1298 808 1349 851 eo·

203 894 381 977 gnoscatur
399 915 596 979 caussaeque
615 893 802 978 aperiantur
822 896 855 957 et
877 892 944 975 via,
967 913 1030 977 qua
1054 914 1107 956 ars
1131 914 1275 978 quaeque
1299 894 1348 957 vel

202 999 382 1084 disciplina,
405 1003 579 1085 postquam
603 1023 660 1084 per
683 1000 803 1086 gradus
826 998 983 1085 quosdam
1008 999 1049 1064 ad
1072 1017 1233 1064 summum
1252 999 1351 1064 tuerit

203 1106 370 1191 fastigium
384 1104 532 1189 adducta,
547 1109 680 1171 aeterna
692 1109 828 1169 naturae
842 1103 1036 1169 necessitate
1051 1127 1108 1188 per
1118 1088 1246 1170 eosdem
1257 1107 1350 1190 lapsa

202 1214 246 1277 sit
269 1215 302 1276 et
320 1215 484 1296 postremo
503 1212 672 1277 exstincta
710 1210 802 1288 Quod
825 1211 1005 1276 studiorum
1029 1233 1130 1296 genus
1154 1235 1227 1277 cum
1250 1213 1349 1278 maio·

202 1341 274 1384 rum
299 1323 405 1384 aetate
429 1339 544 1402 parum
567 1317 812 1402 intellegeretur
831 1321 987 1401 quautam
1008 1318 1074 1382 rim
1095 1318 1231 1384 haberet
1251 1313 1348 1404 quan·

202 1430 333 1510 tamque
354 1425 387 1491 in
407 1448 441 1490 se
463 1423 667 1510 gravitatem,
691 1428 760 1490 tum
784 1423 857 1489 inde
882 1424 923 1489 ab
947 1422 1077 1508 Heynio
1102 1423 1181 1490 adeo
1205 1427 1349 1490 omnium

203 1533 367 1597 mentibus
396 1531 580 1616 persuaderi
609 1532 677 1596 eius
706 1531 882 1596 salubritas
906 1535 1022 1616 coepta
1045 1535 1108 1615 est,
1136 1534 1173 1596 ut
1200 1533 1348 1598 certatim

203 1638 236 1702 in
261 1660 298 1703 eo
332 1638 516 1704 elaboretur
549 1660 676 1704 summa
708 1638 824 1702 virium
857 1638 1047 1722 intentione,
1079 1643 1116 1703 ut
1147 1640 1348 1724 integrorum

203 1767 336 1830 opernm
359 1746 499 1828 iactura,
528 1767 610 1830 quae
633 1746 728 1810 nobis
752 1745 870 1810 invidit
892 1746 1050 1829 temporis
1072 1745 1241 1830 iniquitas,
1265 1745 1346 1812 fruc·

202 1852 391 1918 tuosissimo
424 1852 561 1918 consilio
594 1853 798 1918 resarciatur.
842 1852 955 1917 Patuit
982 1853 1069 1916 enim
1096 1851 1162 1916 ista
1191 1851 1349 1918 industria

204 1960 293 2024 velut
317 1959 356 2024 ad
383 1960 489 2044 epicos
512 1962 636 2044 poetas,
659 1981 698 2022 ex
722 1981 786 2044 quo
805 1956 840 2022 F.
855 1957 893 2022 A.
908 1957 1019 2022 Wolfii
1044 1979 1141 2022 suasu
1161 1957 1348 2023 Antimachi

203 2066 360 2151 reliquiae
388 2066 626 2152 colligebantur
649 2063 904 2149 Schellenbergii
933 2064 1055 2128 studio:
1083 2069 1120 2128 ut
1148 2063 1244 2129 hodie
1271 2064 1347 2149 quid

204 2171 317 2256 cyclici
345 2176 460 2256 poetae
488 2170 727 2256 praestiterint,
756 2170 832 2256 quid
857 2167 1041 2253 Choerilus,
1070 2169 1147 2253 quid
1170 2169 1348 2254 Euphorio‚

202 2277 278 2363 quid
307 2277 466 2362 Rhianus,
497 2279 666 2343 doctorum
695 2277 895 2363 quorundam
928 2277 1070 2342 virorum
1101 2276 1185 2342 curis
1214 2299 1347 2361 prorsus

201 2386 469 2470 perspexerimus.
502 2383 577 2450 Non
597 2385 721 2450 minore
741 2406 899 2468 successu,
918 2385 974 2470 qui
993 2385 1098 2450 lucem
1116 2383 1238 2468 lyricae
1257 2386 1348 2469 poesi

203 2492 369 2577 afferrent,
391 2491 465 2557 illos
489 2493 642 2558 aemulati
667 2496 751 2558 suut.
795 2491 842 2557 Vt
865 2492 952 2556 enim
975 2491 1057 2556 nihil
1081 2491 1186 2556 dicam
1210 2490 1249 2556 de
1272 2513 1347 2576 qua·

202 2598 374 2681 dripcrtita
403 2620 502 2684 opera
525 2599 559 2663 in
581 2599 759 2664 Pindaricis
782 2597 976 2684 fragmentis
999 2598 1108 2682 posita
1129 2598 1203 2662 inde
1227 2619 1246 2662 a
1269 2599 1348 2664 cele·

201 2705 341 2771 berrimo
370 2705 466 2770 huius
490 2704 673 2770 academiae
696 2704 863 2790 philologo
888 2701 1082 2770 Schneidero
1106 2703 1243 2788 Saxone,
1264 2706 1346 2771 nihil

202 2815 267 2880 iam
295 2816 345 2878 est
372 2813 457 2898 quod
486 2835 557 2878 sese
585 2812 749 2898 neglectos
778 2817 953 2896 querantur
981 2812 1032 2876 vel
1062 2811 1196 2896 elegiaci
1219 2813 1345 2896 generis

201 2925 316 3006 poetae
340 2920 525 2986 suavissimi
551 2919 601 2983 vel
625 2919 754 2984 iambici
777 2922 924 3003 repertor
938 2916 1154 2982 Archilochus
1178 2939 1250 2983 cum
1265 2917 1344 3002 Hip-

202 3032 350 3112 ponacte,
373 3027 423 3092 sel
448 3027 624 3091 Aeolcnses
648 3021 781 3109 Sappho
805 3027 839 3088 et
861 3024 1008 3108 Alcaeus,
1032 3024 1082 3088 vel
1105 3022 1233 3088 doricae
1256 3025 1346 3108 lyrae

203 3138 295 3199 vates
325 3131 507 3218 gravissimi
536 3132 689 3215 Alcman,
717 3130 935 3214 Stesichorus,
962 3130 1094 3215 Ibycus,
1123 3130 1345 3215 Bacchylides.

203 3239 375 3307 Scaenicae
394 3241 503 3304 autem
523 3237 630 3323 poesis
650 3261 723 3304 cum
742 3240 831 3322 ipsae
851 3237 991 3320 origines
1006 3236 1188 3321 praecipuis
1206 3236 1344 3320 philolo-

200 3369 316 3433 gorum
344 3345 461 3412 studiis
489 3345 686 3430 disceptatae
715 3345 781 3410 sint
803 3367 869 3410 non
892 3344 1111 3428 mediocriter,
1138 3348 1206 3409 tum
1236 3345 1270 3409 in
1293 3367 1344 3411 co·

201 3455 360 3520 micorum
379 3451 509 3536 quidem
529 3451 676 3536 reliquiis
696 3451 818 3536 insigni
832 3473 905 3516 eum
920 3451 1013 3516 laude
1030 3451 1151 3516 versari
1165 3450 1344 3518 Meinekius

200 3560 358 3643 instituit,
382 3559 473 3624 cuius
498 3581 591 3623 curas
616 3557 821 3622 Menandrias
845 3557 968 3623 imitari
992 3558 1197 3641 studuerunt,
1226 3558 1282 3644 qui
1305 3558 1344 3624 de

203 3665 448 3750 Aristophanis,
476 3666 514 3730 de
538 3664 678 3749 Cratini,
700 3665 884 3749 Eupolidis,
908 3665 1112 3730 Pherecratis
1141 3664 1274 3749 perditis
1297 3664 1343 3730 fa

201 3773 285 3838 bulis
309 3777 423 3838 nostra
446 3755 553 3837 aetate
577 3772 657 3836 bene
681 3775 875 3837 meruerunt.
912 3771 959 3836 Vt
981 3795 1045 3836 una
1063 3772 1232 3856 tragoedia
1250 3795 1343 3838 snum

200 3881 264 3947 iam
297 3881 547 3946 instauratorem
580 3878 741 3944 desideret
773 3883 806 3943 et
837 3901 913 3944 vero
945 3879 1044 3944 etiam
1077 3879 1229 3963 postulet.
1274 3878 1343 3944 Nec

199 4010 314 4072 prosae
342 3987 499 4052 orationis
528 3987 741 4070 scriptoribus
768 3985 1009 4072 plrilologorum
1037 3985 1209 4072 diligentia
1231 3985 1342 4068 defuit,

200 4117 281 4178 quae
313 4095 443 4180 quidem
474 4094 507 4158 in
539 4094 628 4158 nullo
662 4114 778 4178 genere
812 4093 916 4158 maior
948 4115 1045 4178 quam
1078 4093 1112 4156 in
1145 4092 1341 4175 exploranda

201 4199 430 4265 historicorum
459 4204 528 4263 arte
552 4203 585 4262 et
607 4201 763 4264 memoria
790 4198 925 4282 exstitit.
970 4197 1040 4273 Quo
1068 4197 1189 4262 factum
1217 4201 1279 4281 est,
1305 4203 1342 4264 ut

200 4309 233 4370 et
256 4306 559 4391 antiquissimorum
581 4303 821 4390 historicorum,
844 4306 898 4390 qui
917 4304 1113 4389 logographi
1131 4305 1240 4371 vocati
1259 4309 1342 4389 sunt,

199 4415 319 4476 certam
346 4417 454 4476 mente
482 4411 658 4496 imaginem
685 4413 795 4474 tenere
823 4413 931 4494 liceat,
960 4416 996 4476 ut
1022 4409 1198 4495 Hellaniei,
1225 4411 1340 4476 Phere

198 4519 307 4604 cydis,
339 4522 372 4584 et
403 4539 528 4602 eorrrm,
559 4517 613 4602 qui
646 4517 680 4582 in
710 4517 960 4600 antiquitatibus
991 4517 1111 4583 Atticis
1144 4517 1340 4602 explicandis
