3302 5076
582 398 814 446 nsrnrursoun
839 399 967 446 unnnu.
1280 385 1342 448 661

198 540 400 606 saeculorum
427 544 581 607 testatur:
615 545 671 606 aut
698 541 769 606 falli
798 542 978 607 communis
1010 563 1072 606 vox
1100 543 1258 608 credenda
1286 565 1345 608 nec

199 647 233 712 in
256 647 352 713 bonis
375 649 483 732 potius
507 671 605 734 quam
627 649 662 714 in
684 649 781 714 malis
804 648 991 715 humanitas
1011 648 1178 734 censenda,
1202 652 1259 715 aut
1278 671 1344 714 om·

198 754 289 819 nium
317 757 501 841 temporum
529 756 688 841 magistra
714 756 928 821 humanitatis
959 759 1062 822 mater
1086 756 1264 842 antiquitas
1286 757 1345 822 illa

198 861 349 928 habenda
371 867 428 927 est
470 861 602 947 Ergone
625 863 819 929 temeritatis
844 867 941 949 atque
966 863 1044 928 adeo
1069 863 1261 929 stoliditatis
1284 863 1343 928 eri-

198 989 271 1032 men
295 968 435 1054 effugere
457 973 620 1055 poterunt,
644 970 700 1054 qui
723 991 820 1034 caeca
843 969 899 1035 sed
922 971 1034 1036 eadem
1057 970 1229 1055 impotenti
1252 970 1343 1036 rabie

198 1073 338 1159 undique
361 1077 570 1143 convolantes
589 1077 624 1141 in
641 1077 714 1161 ipsa
732 1076 939 1160 antiquitatis
959 1077 1068 1142 studia
1085 1077 1393 1150 nunc'invehun·1x

197 1185 252 1246 111
278 1181 516 1268 perniciemque
545 1183 610 1249 illia
639 1186 672 1247 et
700 1183 833 1247 exitium
863 1182 1050 1247 minantur?
1096 1182 1240 1258 Quorum
1270 1205 1343 1249 cum

197 1287 315 1372 triplex
338 1290 543 1372 potissimum
566 1309 668 1375 genus
688 1288 744 1354 sit:
768 1288 842 1353 illos
862 1287 991 1372 quidem
1018 1309 1150 1374 prorsus
1174 1289 1227 1354 hic
1250 1311 1342 1373 prae·

197 1395 409 1462 termittimus
429 1397 494 1482 qui,
513 1396 588 1462 dum
608 1395 819 1480 opificiorum,
837 1396 1105 1462 commerciorum
1122 1395 1342 1480 negotiorum-

198 1523 260 1587 que
288 1502 432 1568 utilitate
455 1506 489 1568 et
511 1503 691 1568 eivitatium
720 1501 917 1567 salutemet
940 1502 1059 1567 artium
1083 1502 1342 1588 disciplinarum·

196 1631 257 1692 que
284 1609 425 1676 fructum
449 1631 577 1677 omnem
606 1609 797 1693 metiuntur,
825 1609 861 1673 in
889 1611 1024 1694 quaestu
1052 1609 1206 1694 lucroque
1229 1613 1263 1675 et
1284 1609 1342 1675 hu·

197 1716 302 1782 manis
331 1716 479 1783 sordibus
507 1718 616 1802 ipsum
644 1716 741 1782 finem
764 1716 924 1781 bonorum
948 1719 1118 1800 quaerunt.
1163 1713 1342 1783 Honestius

197 1823 351 1907 sentiunt,
374 1822 430 1888 sed
453 1827 563 1887 tamen
586 1821 829 1906 intellegentias
853 1821 906 1887 vix
930 1821 1083 1904 iudicant,
1107 1822 1161 1906 qui
1180 1822 1264 1887 nihil
1283 1822 1341 1888 im·

195 1933 379 2014 pugnantes
402 1928 453 1996 vel
477 1927 587 2011 potius
611 1926 693 1991 nihil
717 1930 866 1990 curantes
890 1925 1088 1991 Graecorum
1106 1925 1341 1992 Romanorum-

196 2057 258 2119 que
289 2034 524 2118 praestantiam
560 2032 643 2097 nihil
680 2033 810 2096 omnino
847 2030 1056 2116 imitandum,
1093 2032 1174 2098 nihil
1211 2033 1341 2099 aliunde

196 2141 415 2206 asciscendum
443 2139 606 2217 dictitant,
633 2137 695 2204 hoe
726 2137 855 2222 quidem
883 2137 1034 2221 consilio,
1061 2143 1098 2203 11
1124 2139 1256 2204 taudem
1284 2140 1341 2206 ali·

85 2279 88 2284 ·
195 2247 323 2332 quando
354 2247 480 2313 abiecta
512 2245 648 2311 aliorum
680 2244 893 2309 admiratione
922 2249 1051 2311 nosmet
1081 2245 1144 2329 ipsi
1178 2246 1340 2331 suspicere

195 2355 371 2438 diseamus,
404 2373 462 2417 nec
489 2351 552 2415 ni‘si
581 2351 648 2415 suis
678 2372 695 2415 e
722 2350 885 2416 radicibus
913 2350 1119 2434 proficiscens
1147 2374 1185 2418 ea
1213 2353 1340 2420 roboris

196 2459 395 2524 incrementa
422 2457 600 2523 communis
627 2456 736 2541 patria
763 2457 884 2542 capiat,
912 2457 1029 2542 quibus
1057 2460 1090 2520 et
1111 2457 1183 2543 ipsa
1206 2480 1340 2527 concors

199 2567 329 2651 suisque
360 2587 429 2630 sese
459 2563 585 2648 legibus
615 2564 799 2648 gubernans
829 2568 863 2628 et
892 2563 1036 2630 timenda
1067 2566 1185 2631 exteris
1215 2567 1341 2653 evadat,

195 2679 293 2758 atque
326 2678 363 2738 ut
394 2694 458 2738 uno
490 2671 588 2737 verbo
621 2670 742 2754 dicam,
778 2693 873 2736 verae
909 2670 1100 2756 debitaeque
1132 2671 1340 2759 eiusdemque

194 2781 353 2865 pristinae
375 2776 537 2843 libertatis
560 2776 773 2861 beatitudine,
795 2776 886 2842 cuius
909 2798 993 2842 unus
1016 2777 1091 2843 fons
1109 2778 1243 2863 iustitia,
1265 2801 1338 2846 1111

194 2887 359 2971 republica
382 2883 532 2950 universa
555 2882 675 2968 singuli
700 2884 785 2948 cives
807 2882 966 2948 fruantur.
1004 2882 1075 2951 Hoc
1098 2889 1207 2950 autem
1231 2886 1338 2970 ipsum

193 3017 286 3076 uurn,
319 2993 375 3078 qui
408 2989 615 3074 antiquitatis
645 2990 735 3055 illius
766 2989 989 3055 excellentiam
1017 2993 1050 3054 11
1078 2989 1277 3058 admiremur
1307 2999 1340 3060 et

194 3100 338 3166 studiose
361 3098 594 3183 amplectimur,
617 3103 685 3163 tam
709 3097 821 3181 ignavi
845 3119 956 3162 sumus
984 3101 1109 3164 utnon
1132 3098 1339 3166 vehementer

194 3212 382 3293 exoptemus
411 3208 521 3290 atque,
549 3203 644 3269 modo
672 3226 712 3268 ne
737 3202 821 3268 desit
844 3204 1086 3290 opportunitas,
1114 3206 1202 3270 omni
1225 3228 1338 3272 nervo·

193 3337 265 3379 rum
292 3311 473 3378 intentione
502 3310 578 3375 illue
606 3310 668 3395 ipsi
697 3308 951 3375 contendamus?
996 3309 1050 3376 An
1080 3311 1109 3376 ei
1137 3312 1338 3379 contentioni

194 3420 262 3485 ullo
286 3423 384 3505 pacto
407 3423 576 3503 repugnat,
599 3416 686 3501 quod
705 3416 866 3481 libertatis
886 3418 1130 3505 consectandae,
1154 3441 1338 3506 expugnen-

193 3526 262 3611 dae,
286 3524 509 3610 vindicandae,
538 3524 624 3610 quod
647 3523 813 3607 colendae,
835 3523 1006 3608 tutandae,
1030 3527 1258 3592 sustentandae
1281 3551 1338 3613 pa·

194 3633 275 3697 triae
313 3635 479 3698 111111111
517 3630 699 3715 exemplum
733 3627 848 3696 Graeci
880 3628 1082 3716 Romanique
1118 3637 1338 3718 proposuere?

193 3739 246 3803 An
270 3738 417 3824 denique,
441 3739 468 3804 si
490 3758 557 3802 non
580 3736 821 3821 improbabilis,
844 3739 879 3802 at
902 3759 1141 3822 supervacanea
1163 3744 1273 3806 tamen
1297 3743 1337 3807 ad

193 3845 235 3929 id,
258 3845 342 3930 quod
364 3843 461 3912 hodie
485 3843 699 3910 cummaxime
719 3843 763 3908 sit
779 3843 998 3930 annitendum,
1022 3846 1230 3929 antiquitatis
1253 3850 1337 3913 1111-

193 3951 275 4017 11111
310 3951 415 4016 omnis
450 3950 633 4016 videbitur?
677 3950 774 4016 Ilstor
807 3949 985 4035 largiamur
1016 3951 1100 4035 quod
1133 3951 1336 4018 concedimus

192 4056 335 4142 minime,
357 4081 423 4126 non
445 4059 565 4124 habere
585 4061 708 4124 veteres
727 4057 811 4141 illos,
834 4078 897 4141 quo
922 4057 1036 4123 ceteris
1054 4057 1185 4140 populis
1204 4058 1336 4142 quibus·

191 4163 274 4230 libet
309 4170 490 4250 praestent,
527 4165 715 4250 quicquam,
751 4187 811 4231 nec
847 4165 921 4249 plus
954 4184 1051 4249 qnam
1083 4162 1143 4228 hos
1175 4163 1264 4246 ipsos
1301 4166 1336 4231 in

192 4273 321 4336 nostras
344 4273 487 4338 rationes
510 4270 626 4337 valere.
671 4269 760 4356 Ergo
784 4270 974 4336 tantundem
997 4273 1083 4335 certe
1106 4269 1229 4334 valent:
1252 4271 1335 4337 uude

193 4379 373 4444 necessario
397 4379 605 4462 consequitur
626 4377 698 4442 istis
728 4377 856 4460 quidem
879 4377 1016 4444 noviciis
1040 4375 1202 4441 libertatis
1225 4381 1335 4460 patro-

192 4485 244 4550 nis
271 4507 336 4552 uua
363 4507 435 4552 oum
462 4483 669 4570 antiquitatis
699 4482 813 4548 studiis
837 4483 1107 4548 illisuniversam
1131 4505 1334 4552 assererem
