3318 5072
496 367 568 414 uvo
593 366 854 414 PROGRAMMA'rA
878 366 1063 415 ensurius.
1284 351 1348 416 553

209 512 281 576 dem
299 531 359 596 pro
378 507 464 574 virili
486 511 588 594 parte,
612 509 667 574 sed
691 508 825 576 eandem
849 531 914 575 non
938 513 1119 574 enarratam
1143 510 1251 594 potius
1275 509 1348 574 ube-

209 616 294 680 riore
309 615 556 680 ratiocinatione
571 637 667 700 quarn
683 615 772 680 brevi
790 614 928 680 fontium
948 615 1067 681 indicio
1086 617 1133 680 ita
1152 616 1349 700 adnotatam,

209 761 361 769 --—-----
377 761 420 768 ..-

208 844 276 881 num
294 827 417 882 rationes
435 825 574 881 vobismet
592 826 658 896 ipsis
677 825 878 880 committimus
895 825 1078 897 indagandas.
1112 826 1144 880 In
1162 843 1217 896 quo
1237 824 1350 894 quidem

209 915 323 986 negotio
345 933 401 970 non
421 916 480 970 sine
499 916 595 986 aliquo
614 932 743 971 successu
762 916 957 984 elaborabitis,
986 915 1010 970 si
1029 917 1058 971 st
1075 915 1197 986 exempli
1215 913 1348 968 memine-

208 1004 284 1072 ritis,
312 1005 386 1073 quod
409 1004 620 1076 interpretanda
638 1005 801 1060 Trinummo
824 1005 932 1061 duobus
956 1007 1021 1060 ante
1045 1004 1126 1060 aunis
1144 1002 1349 1079 proposuimus,

209 1095 239 1149 et
257 1109 290 1148 sa
308 1095 460 1164 praecepta
478 1093 514 1147 ad
532 1093 611 1147 illem
630 1091 728 1147 Militis
747 1109 877 1148 scaenam
895 1091 1152 1160 accommodantia,
1175 1091 1274 1162 quibus
1298 1091 1349 1146 eri-

209 1183 295 1239 ticam
314 1185 404 1238 artem
416 1199 534 1239 omnem
549 1183 578 1236 et
591 1179 828 1236 hermeusutioam
844 1179 981 1236 contineri
995 1197 1046 1250 per
1058 1181 1215 1250 proximam
1228 1180 1350 1235 hiemem

209 1273 361 1328 docuimus.
398 1273 457 1327 Neo
481 1274 577 1326 tamen
602 1271 631 1325 id
656 1269 717 1325 fieri
740 1270 799 1325 sine
825 1269 903 1326 brevi
928 1269 1073 1325 notatione
1097 1269 1195 1325 critica
1216 1270 1350 1340 potuerit,

210 1377 273 1430 qna,
291 1359 359 1429 quid
378 1376 489 1430 quoque
506 1361 569 1415 loco
588 1358 673 1415 dnbio
692 1359 826 1428 scriptum
845 1357 910 1414 libri
929 1361 1052 1426 teneant,
1071 1375 1140 1428 quos
1155 1357 1277 1414 sinceros
1290 1358 1350 1414 fon-

209 1452 252 1504 tes
281 1447 464 1522 cognovimus
490 1447 684 1504 Plantinarum
710 1447 882 1516 fabularum,
909 1447 1052 1504 vobiscum
1081 1445 1350 1502 communicauimus.

209 1536 355 1592 Eiusmodi
373 1536 460 1592 libros
479 1555 543 1593 mss.
563 1535 728 1593 meministis
746 1539 803 1592 tres
822 1539 944 1592 exstare:
967 1535 1183 1592 Ambrosianum
1202 1535 1351 1606 palimpse-

210 1628 285 1680 stum
303 1627 356 1694 (u),
385 1627 415 1680 et
439 1625 487 1695 qui
513 1627 653 1681 communi
671 1625 863 1682 Palatinorum
890 1623 935 1680 vel
954 1623 1213 1681 Camerarianorum
1238 1623 1351 1680 nomine

210 1712 494 1784 comprehenduntur,
523 1714 653 1770 Veterem
672 1714 803 1770 Codicem
821 1731 895 1769 nunc
914 1714 1082 1770 Vaticanum
1101 1716 1139 1784 (β)
1158 1714 1350 1769 Decurtatum·

210 1820 264 1872 que
283 1802 548 1874 Heidelbergensem
567 1805 614 1874 (Τ).
650 1805 723 1858 Nam
747 1803 795 1873 qui
814 1805 961 1874 praeterea
977 1821 1033 1860 nou
1052 1804 1153 1874 exigno
1173 1819 1287 1859 numero
1307 1819 1351 1858 co·

210 1891 286 1947 dices
304 1891 428 1946 Plautini
447 1894 559 1947 exstant
576 1892 686 1949 tabulas
705 1893 756 1948 llll
776 1891 943 1963 posteriores
962 1892 1193 1962 complectentes,
1218 1889 1247 1944 hi
1266 1891 1316 1944 aut
1335 1906 1351 1945 e

210 1980 322 2035 novicia
348 1981 509 2036 recensione
535 1980 700 2050 prodierunt
726 1997 778 2036 nec
806 1980 894 2034 ullam
922 1979 1119 2035 auctoritatem
1152 1980 1269 2046 habent,
1302 1981 1352 2034 aut

210 2085 323 2138 prorsus
343 2086 406 2124 cum
424 2067 654 2139 Heidelbergeusi
673 2067 865 2136 consentiunt,
888 2071 920 2124 ut
938 2067 1091 2123 Vaticanus
1109 2066 1158 2122 ille
1177 2066 1213 2122 ab
1231 2067 1351 2122 Iordane

99 2222 105 2230 Ι
211 2156 312 2212 Vrsino
336 2157 403 2213 olim
426 2175 570 2230 possessus
592 2175 645 2212 nec
669 2159 762 2213 aetate
786 2157 877 2213 minor
900 2156 1144 2228 Heidelbergenei,
1170 2155 1217 2210 vel
1241 2173 1274 2211 ex
1297 2157 1351 2211 hoc

211 2247 367 2316 descriptus
391 2263 462 2303 saec.
482 2263 524 2302 xv
547 2245 795 2302 Laurentianorum
819 2264 901 2314 uuus,
925 2246 971 2302 vel
994 2263 1103 2300 rursum
1126 2262 1160 2300 ex
1179 2245 1233 2300 hoc
1252 2245 1350 2300 ductus

191 2335 387 2391 'Florentinue
406 2336 635 2406 quidem,que1n
654 2337 749 2391 nostro
769 2352 832 2391 aere
851 2334 879 2390 in
899 2335 1011 2390 Etruria
1028 2333 1084 2406 ipsi
1103 2333 1229 2392 emimus.
1256 2336 1376 2403 Atquer

210 2425 281 2480 adeo
304 2443 338 2481 ex
362 2425 460 2480 eodem
482 2426 537 2480 hoc
554 2425 632 2480 fonte
650 2425 822 2495 interpolata
839 2424 891 2480 illa
908 2441 991 2494 qnam
1011 2423 1131 2478 diximus
1150 2423 1274 2479 recensio
1292 2439 1351 2478 ma·

210 2513 295 2570 navit.
334 2513 388 2569 Sed
406 2515 501 2570 temen
519 2517 576 2569 tres
594 2513 659 2569 illos
677 2513 726 2584 qui
744 2515 817 2569 inter
836 2531 930 2570 omnes
949 2514 1073 2569 eminent
1090 2515 1181 2569 fontes
1200 2513 1280 2582 quasi
1298 2513 1350 2568 dir-

211 2602 291 2657 lundi
308 2601 338 2656 in
357 2603 490 2670 quattuor
507 2603 583 2659 rivos
602 2603 717 2658 dixeris:
737 2603 962 2674 quandoquidem
981 2603 1068 2658 Vetus
1084 2600 1177 2657 Codex
1191 2601 1351 2670 Camerarii,

212 2693 277 2762 post
306 2691 511 2760 camerarium,
538 2691 700 2761 Gruterum,
727 2691 846 2745 Pareum
869 2705 886 2744 a
908 2689 990 2746 nobis
1013 2689 1125 2769 demum
1149 2689 1300 2762 diligenter
1322 2694 1353 2745 st

210 2779 293 2850 plene
313 2797 453 2847 exeussus,
472 2782 529 2834 tam
548 2780 722 2849 frequentem
741 2780 849 2848 antiqui
869 2779 1032 2836 correctoris
1052 2797 1164 2835 manum
1182 2797 1281 2851 passus
1300 2783 1350 2850 est,
1399 2824 1401 2828 .

211 2871 243 2924 nt
261 2885 312 2941 pro
331 2868 439 2924 duobus
457 2867 537 2924 libris
555 2869 614 2925 iure
633 2871 800 2924 numeretur.
828 2869 892 2925 Non
911 2869 988 2924 cadit
1004 2870 1058 2925 hoe
1076 2869 1105 2924 in
1120 2886 1214 2925 omnes
1227 2869 1350 2924 fabulae:

212 2957 261 3011 sed
279 2960 390 3026 praeter
408 2957 478 3014 alias
497 2958 631 3027 quasdam
649 2958 725 3014 cadit
742 2957 772 3012 ia
790 2957 918 3013 Militem.
955 2957 1049 3012 Facile
1068 2957 1163 3013 autom
1181 2957 1254 3013 ratio
1273 2958 1350 3014 bina·

213 3063 274 3100 rum
293 3061 425 3101 manuum
448 3046 560 3103 illarum
580 3063 650 3116 quae
669 3047 818 3116 qualisque
835 3047 872 3102 sit
890 3047 1063 3118 perspicitur.
1102 3045 1191 3117 Saepe
1210 3047 1352 3116 antiquior

212 3151 309 3189 manus
328 3133 449 3204 vesugia
467 3135 525 3190 reri
543 3135 671 3204 quamvis
689 3136 785 3191 tenuis
799 3135 843 3192 vel
863 3135 1012 3192 obscurata
1031 3135 1161 3204 servavit,
1179 3153 1297 3206 quorum
1315 3153 1350 3192 ue

211 3224 310 3278 umbra
335 3222 447 3293 quidem
474 3226 601 3294 superest
625 3225 655 3279 in
678 3225 768 3280 altero
787 3224 930 3281 Palatino:
962 3241 1046 3294 saepe
1069 3224 1123 3279 hoo
1141 3225 1185 3280 est
1202 3224 1350 3280 manifesto

212 3311 397 3383 depravatior.
435 3311 587 3380 Vtriusque
610 3313 719 3382 generis
742 3315 894 3384 scripturas
917 3313 1038 3370 secunda
1060 3330 1158 3369 manus
1177 3313 1297 3368 mutavit
1314 3313 1350 3367 ad

212 3401 284 3455 elius
307 3401 412 3456 codicis
435 3401 606 3471 exemplum,
630 3401 679 3469 qni
702 3401 861 3457 simillimus
883 3403 939 3458 init
956 3402 1200 3473 Heidelbergeusis
1218 3401 1291 3458 libri.
1328 3403 1350 3456 a

212 3506 267 3558 quo
286 3491 411 3559 apparet,
430 3488 558 3558 quotiens
573 3507 637 3544 vere
656 3493 789 3558 correcta,
807 3492 911 3546 totiens
930 3491 987 3546 lere
1006 3492 1097 3562 magis
1116 3492 1201 3548 etam
1221 3495 1352 3562 corrupta
1398 3481 1399 3484 ¹

213 3577 307 3633 Plauti
325 3577 411 3632 rerba
429 3593 514 3632 manu
532 3576 583 3632 illa
597 3577 785 3634 emundatrice
800 3595 869 3634 esse.
897 3579 985 3636 Simul
1001 3577 1166 3651 intellegitis
1180 3598 1229 3636 our
1243 3599 1351 3637 summo

215 3683 300 3738 opere
317 3666 346 3720 id
366 3665 566 3746 studuerimus,
589 3668 622 3721 ut
639 3683 719 3722 erasa
736 3667 781 3721 vel
800 3666 996 3738 aliquomodo
1015 3669 1110 3724 fucata
1128 3670 1235 3740 primas
1253 3688 1352 3726 manus

212 3755 332 3826 vestigia
353 3770 524 3810 erueremus:
554 3755 629 3824 quod
653 3755 827 3826 paucissimis
850 3759 960 3811 tantum
983 3758 1012 3811 in
1035 3757 1104 3814 locis
1123 3776 1235 3828 prorsus
1254 3757 1351 3830 despe-

212 3846 329 3901 randum
348 3844 409 3899 fnit.
447 3843 552 3910 Quodsi
574 3844 604 3900 in
628 3846 681 3900 hou
704 3862 805 3916 genere
828 3863 899 3914 quae
919 3845 976 3917 legi
994 3847 1071 3903 nullo
1089 3849 1173 3904 ruodo
1192 3850 1351 3918 potuerunt,

212 3934 323 4004 punctis
342 3933 433 3990 notari
451 3951 514 3990 raro
534 3935 693 4005 oportebatr
714 3934 802 3991 multo
821 3937 915 3990 tamen
934 3934 1084 4004 difficilius,
1102 3936 1169 4004 quid
1187 3935 1216 3990 iu
1234 3936 1350 3991 Ambro-

211 4023 289 4078 siano
316 4023 451 4094 scriptum
476 4025 526 4078 aut
550 4041 606 4078 non
629 4023 763 4093 scriptum
788 4024 831 4078 vel
855 4026 930 4079 esset
951 4023 997 4080 vel
1020 4040 1079 4079 esse
1102 4023 1255 4091 videretur,
1283 4023 1351 4078 satis

212 4111 369 4181 significare
390 4129 464 4166 nunc
487 4111 574 4167 licuit
617 4112 690 4166 Nem
714 4129 776 4167 cum
799 4112 957 4169 litterarum
979 4112 1143 4183 fragmentis
1170 4113 1200 4167 et
1225 4111 1350 4181 apicibus

212 4199 356 4254 imitandis
384 4199 460 4256 band
489 4217 570 4270 pares
598 4215 700 4269 operae
728 4204 836 4268 essent,
864 4201 1001 4256 eiusmodi
1029 4201 1137 4256 litterae
1165 4217 1277 4270 prorsus
1305 4198 1350 4254 hic

212 4287 342 4344 omittere
367 4305 518 4356 earumque
543 4287 635 4357 spatia
652 4290 762 4342 tanturn
781 4305 926 4344 numerare
946 4290 1035 4344 eoacti
1054 4289 1165 4344 luimus.
1201 4287 1352 4344 Praeterea

212 4393 269 4431 non
296 4378 340 4430 est
366 4374 479 4430 silentio
506 4375 799 4444 praetermittendum,
827 4376 936 4445 aliquot
960 4377 1117 4445 praeclarae
1143 4376 1351 4432 emendationes

213 4463 365 4520 Godofrcdi
380 4464 533 4520 Hermanni
551 4463 748 4520 benevolentia
764 4465 845 4520 nobie
865 4464 1056 4536 suppeditatas
1075 4483 1142 4522 esse.
1167 4467 1255 4534 Quem
1274 4467 1297 4522 si
1316 4467 1350 4523 de
