<?xml version="1.0" encoding="UTF-8"?>
<!DOCTYPE html PUBLIC "-//W3C//DTD XHTML 1.0 Transitional//EN"
    "http://www.w3.org/TR/xhtml1/DTD/xhtml1-transitional.dtd">
<html xmlns="http://www.w3.org/1999/xhtml" xml:lang="en" lang="en">
 <head>
  <title>
</title>
<meta http-equiv="Content-Type" content="text/html;charset=utf-8" />
  <meta name='ocr-system' content='tesseract 3.04.00' />
  <meta name='ocr-capabilities' content='ocr_page ocr_carea ocr_par ocr_line ocrx_word'/>
</head>
<body>
  <div class='ocr_page' id='page_1' title='image "./fridericiritsch07wachgoog_0468.png"; bbox 0 0 3332 5074; ppageno 0'>
   <div class='ocr_carea' id='block_1_1' title="bbox 572 408 1387 474">
    <p class='ocr_par' dir='ltr' id='par_1_1' title="bbox 572 408 1387 474">
     <span class='ocr_line' id='line_1_1' title="bbox 572 408 1387 474; baseline 0.002 -4"><span class='ocrx_word' id='word_1_1' title='bbox 572 421 835 472; x_wconf 72' lang='lat' dir='ltr'><strong>sessosmosrs</strong></span> <span class='ocrx_word' id='word_1_2' title='bbox 859 423 1066 474; x_wconf 71' lang='lat' dir='ltr'><strong>Pisvrisss.</strong></span> <span class='ocrx_word' id='word_1_3' title='bbox 1324 408 1387 472; x_wconf 82' lang='lat'><strong>451</strong></span> 
     </span>
    </p>
   </div>
   <div class='ocr_carea' id='block_1_2' title="bbox 245 565 1391 652">
    <p class='ocr_par' dir='ltr' id='par_1_2' title="bbox 245 565 1391 652">
     <span class='ocr_line' id='line_1_2' title="bbox 245 565 1391 652; baseline 0.002 -22"><span class='ocrx_word' id='word_1_4' title='bbox 245 565 561 634; x_wconf 75' lang='lat' dir='ltr'><strong>Trin.540hiatun1</strong></span> <span class='ocrx_word' id='word_1_5' title='bbox 585 567 705 651; x_wconf 62' lang='lat' dir='ltr'><strong>(inpiati</strong></span> <span class='ocrx_word' id='word_1_6' title='bbox 727 570 883 634; x_wconf 68' lang='lat' dir='ltr'><strong>acerrume</strong></span> <span class='ocrx_word' id='word_1_7' title='bbox 906 574 1116 635; x_wconf 81' lang='lat' dir='ltr'><strong>concocturus</strong></span> <span class='ocrx_word' id='word_1_8' title='bbox 1141 568 1193 652; x_wconf 89' lang='lat' dir='ltr'><strong>sit,</strong></span> <span class='ocrx_word' id='word_1_9' title='bbox 1217 574 1326 634; x_wconf 80' lang='lat' dir='ltr'><strong>tamen</strong></span> <span class='ocrx_word' id='word_1_10' title='bbox 1351 569 1391 634; x_wconf 81' lang='lat' dir='ltr'><strong>ed</strong></span> 
     </span>
    </p>
   </div>
   <div class='ocr_carea' id='block_1_3' title="bbox 204 675 1392 1401">
    <p class='ocr_par' dir='ltr' id='par_1_3' title="bbox 244 675 1392 762">
     <span class='ocr_line' id='line_1_3' title="bbox 244 675 1392 762; baseline 0.002 -24"><span class='ocrx_word' id='word_1_11' title='bbox 244 675 453 740; x_wconf 80' lang='lat' dir='ltr'><strong>coniunctum</strong></span> <span class='ocrx_word' id='word_1_12' title='bbox 476 697 549 738; x_wconf 85' lang='lat' dir='ltr'><strong>cum</strong></span> <span class='ocrx_word' id='word_1_13' title='bbox 568 675 660 740; x_wconf 78' lang='lat' dir='ltr'><strong>hiatu</strong></span> <span class='ocrx_word' id='word_1_14' title='bbox 680 676 857 742; x_wconf 81' lang='lat' dir='ltr'>molossum</span> <span class='ocrx_word' id='word_1_15' title='bbox 875 680 1011 742; x_wconf 75' lang='lat' dir='ltr'>nauseet</span> <span class='ocrx_word' id='word_1_16' title='bbox 1033 681 1129 762; x_wconf 89' lang='lat' dir='ltr'><strong>oport</strong></span> <span class='ocrx_word' id='word_1_17' title='bbox 1149 675 1209 760; x_wconf 56' lang='lat' dir='ltr'><strong>tf)</strong></span> <span class='ocrx_word' id='word_1_18' title='bbox 1245 675 1315 742; x_wconf 86' lang='lat' dir='ltr'><strong>Nec</strong></span> <span class='ocrx_word' id='word_1_19' title='bbox 1337 675 1392 761; x_wconf 91' lang='lat' dir='ltr'><strong>qui</strong></span> 
     </span>
    </p>

    <p class='ocr_par' dir='ltr' id='par_1_4' title="bbox 204 776 1392 1401">
     <span class='ocr_line' id='line_1_4' title="bbox 204 776 1391 867; baseline -0.001 -21"><span class='ocrx_word' id='word_1_20' title='bbox 204 776 210 796; x_wconf 65' lang='grc'><strong>“</strong></span> <span class='ocrx_word' id='word_1_21' title='bbox 251 782 359 866; x_wconf 78' lang='lat' dir='ltr'><strong>sapiet</strong></span> <span class='ocrx_word' id='word_1_22' title='bbox 382 804 410 846; x_wconf 88' lang='lat' dir='ltr'><strong>v.</strong></span> <span class='ocrx_word' id='word_1_23' title='bbox 435 781 475 845; x_wconf 87' lang='lat'><strong>31</strong></span> <span class='ocrx_word' id='word_1_24' title='bbox 502 802 519 844; x_wconf 90' lang='lat' dir='ltr'><strong>e</strong></span> <span class='ocrx_word' id='word_1_25' title='bbox 542 782 698 848; x_wconf 90' lang='lat' dir='ltr'><strong>librorum</strong></span> <span class='ocrx_word' id='word_1_26' title='bbox 724 785 885 867; x_wconf 81' lang='lat' dir='ltr'><strong>scriptura</strong></span> <span class='ocrx_word' id='word_1_27' title='bbox 906 789 1120 848; x_wconf 75' lang='lat' dir='ltr'><strong>sueereuerunt</strong></span> <span class='ocrx_word' id='word_1_28' title='bbox 1141 784 1302 848; x_wconf 73' lang='lat' dir='ltr'><strong>eberrume</strong></span> <span class='ocrx_word' id='word_1_29' title='bbox 1324 781 1391 846; x_wconf 87' lang='lat' dir='ltr'><strong>effi·</strong></span> 
     </span>
     <span class='ocr_line' id='line_1_5' title="bbox 245 887 1392 974; baseline -0.001 -20"><span class='ocrx_word' id='word_1_30' title='bbox 245 891 309 954; x_wconf 86' lang='lat' dir='ltr'><strong>eiet</strong></span> <span class='ocrx_word' id='word_1_31' title='bbox 331 889 509 955; x_wconf 64' lang='lat' dir='ltr'><strong>stererant</strong></span> <span class='ocrx_word' id='word_1_32' title='bbox 529 889 691 954; x_wconf 68' lang='lat' dir='ltr'><strong>uberrume</strong></span> <span class='ocrx_word' id='word_1_33' title='bbox 714 892 821 974; x_wconf 89' lang='lat' dir='ltr'><strong>potius</strong></span> <span class='ocrx_word' id='word_1_34' title='bbox 845 913 942 974; x_wconf 82' lang='lat' dir='ltr'><strong>quam</strong></span> <span class='ocrx_word' id='word_1_35' title='bbox 965 891 1137 954; x_wconf 71' lang='lat' dir='ltr'><strong>stecreuere</strong></span> <span class='ocrx_word' id='word_1_36' title='bbox 1159 887 1392 974; x_wconf 70' lang='lat' dir='ltr'><strong>ubetwme**):</strong></span> 
     </span>
     <span class='ocr_line' id='line_1_6' title="bbox 246 995 1392 1088; baseline 0.001 -29"><span class='ocrx_word' id='word_1_37' title='bbox 246 1018 328 1081; x_wconf 81' lang='lat' dir='ltr'><strong>quse</strong></span> <span class='ocrx_word' id='word_1_38' title='bbox 356 995 481 1061; x_wconf 78' lang='lat' dir='ltr'><strong>formae</strong></span> <span class='ocrx_word' id='word_1_39' title='bbox 512 996 639 1080; x_wconf 77' lang='lat' dir='ltr'><strong>saepius</strong></span> <span class='ocrx_word' id='word_1_40' title='bbox 665 1007 764 1081; x_wconf 81' lang='lat' dir='ltr'><strong>&#39;quam</strong></span> <span class='ocrx_word' id='word_1_41' title='bbox 789 1001 882 1081; x_wconf 83' lang='lat' dir='ltr'><strong>putes</strong></span> <span class='ocrx_word' id='word_1_42' title='bbox 906 997 939 1061; x_wconf 92' lang='lat' dir='ltr'><strong>in</strong></span> <span class='ocrx_word' id='word_1_43' title='bbox 964 997 1057 1062; x_wconf 86' lang='lat' dir='ltr'><strong>libris</strong></span> <span class='ocrx_word' id='word_1_44' title='bbox 1081 1001 1283 1088; x_wconf 66' lang='lat' dir='ltr'><strong>permutatae</strong></span> <span class='ocrx_word' id='word_1_45' title='bbox 1308 1001 1392 1062; x_wconf 89' lang='lat' dir='ltr'><strong>sunt.</strong></span> 
     </span>
     <span class='ocr_line' id='line_1_7' title="bbox 246 1102 1392 1190; baseline 0.003 -25"><span class='ocrx_word' id='word_1_46' title='bbox 246 1102 330 1166; x_wconf 85' lang='lat' dir='ltr'><strong>Item</strong></span> <span class='ocrx_word' id='word_1_47' title='bbox 352 1102 451 1167; x_wconf 90' lang='lat' dir='ltr'><strong>Nonii</strong></span> <span class='ocrx_word' id='word_1_48' title='bbox 475 1102 571 1166; x_wconf 88' lang='lat' dir='ltr'><strong>fidem</strong></span> <span class='ocrx_word' id='word_1_49' title='bbox 594 1103 756 1188; x_wconf 82' lang='lat' dir='ltr'><strong>(quamvis</strong></span> <span class='ocrx_word' id='word_1_50' title='bbox 780 1125 838 1187; x_wconf 87' lang='lat' dir='ltr'><strong>per</strong></span> <span class='ocrx_word' id='word_1_51' title='bbox 860 1126 894 1168; x_wconf 89' lang='lat' dir='ltr'><strong>se</strong></span> <span class='ocrx_word' id='word_1_52' title='bbox 914 1103 1118 1190; x_wconf 79' lang='lat' dir='ltr'><strong>ambiguam)</strong></span> <span class='ocrx_word' id='word_1_53' title='bbox 1137 1106 1307 1170; x_wconf 84' lang='lat' dir='ltr'><strong>nobiseum</strong></span> <span class='ocrx_word' id='word_1_54' title='bbox 1326 1127 1392 1169; x_wconf 82' lang='lat' dir='ltr'><strong>am-</strong></span> 
     </span>
     <span class='ocr_line' id='line_1_8' title="bbox 245 1210 1392 1296; baseline 0.002 -23"><span class='ocrx_word' id='word_1_55' title='bbox 245 1210 357 1294; x_wconf 82' lang='lat' dir='ltr'><strong>plexus</strong></span> <span class='ocrx_word' id='word_1_56' title='bbox 385 1231 414 1274; x_wconf 87' lang='lat' dir='ltr'><strong>v.</strong></span> <span class='ocrx_word' id='word_1_57' title='bbox 439 1210 505 1274; x_wconf 85' lang='lat'><strong>410</strong></span> <span class='ocrx_word' id='word_1_58' title='bbox 531 1211 694 1294; x_wconf 75' lang='lat' dir='ltr'><strong>praeferet</strong></span> <span class='ocrx_word' id='word_1_59' title='bbox 716 1212 801 1296; x_wconf 86' lang='lat' dir='ltr'>quod</span> <span class='ocrx_word' id='word_1_60' title='bbox 825 1233 923 1296; x_wconf 75' lang='lat' dir='ltr'><strong>supra</strong></span> <span class='ocrx_word' id='word_1_61' title='bbox 950 1212 1118 1296; x_wconf 82' lang='lat' dir='ltr'>posuimus</span> <span class='ocrx_word' id='word_1_62' title='bbox 1142 1234 1219 1296; x_wconf 81' lang='lat' dir='ltr'><strong>pree</strong></span> <span class='ocrx_word' id='word_1_63' title='bbox 1242 1212 1304 1276; x_wconf 80' lang='lat' dir='ltr'><strong>hae</strong></span> <span class='ocrx_word' id='word_1_64' title='bbox 1328 1211 1392 1276; x_wconf 87' lang='lat' dir='ltr'><strong>eol·</strong></span> 
     </span>
     <span class='ocr_line' id='line_1_9' title="bbox 246 1303 1045 1401; baseline 0.004 -21"><span class='ocrx_word' id='word_1_65' title='bbox 246 1317 408 1383; x_wconf 78' lang='lat' dir='ltr'><strong>locatione</strong></span> <span class='ocrx_word' id='word_1_66' title='bbox 431 1318 603 1382; x_wconf 85' lang='lat' dir='ltr'><strong>verborum</strong></span> <span class='ocrx_word' id='word_1_67' title='bbox 628 1338 709 1401; x_wconf 81' lang='lat' dir='ltr'><strong>quae</strong></span> <span class='ocrx_word' id='word_1_68' title='bbox 734 1322 784 1383; x_wconf 87' lang='lat' dir='ltr'><strong>est</strong></span> <span class='ocrx_word' id='word_1_69' title='bbox 806 1318 841 1382; x_wconf 89' lang='lat' dir='ltr'><strong>in</strong></span> <span class='ocrx_word' id='word_1_70' title='bbox 865 1303 1045 1395; x_wconf 79' lang='lat' dir='ltr'><strong>esdieibus:</strong></span> 
     </span>
    </p>
   </div>
   <div class='ocr_carea' id='block_1_4' title="bbox 246 1457 1312 1669">
    <p class='ocr_par' dir='ltr' id='par_1_5' title="bbox 246 1457 1312 1669">
     <span class='ocr_line' id='line_1_10' title="bbox 335 1457 1312 1545; baseline 0 -21"><span class='ocrx_word' id='word_1_71' title='bbox 335 1457 439 1534; x_wconf 81' lang='lat' dir='ltr'><strong>Quam</strong></span> <span class='ocrx_word' id='word_1_72' title='bbox 464 1458 494 1522; x_wconf 88' lang='lat' dir='ltr'><strong>si</strong></span> <span class='ocrx_word' id='word_1_73' title='bbox 515 1464 552 1524; x_wconf 87' lang='lat' dir='ltr'><strong>tu</strong></span> <span class='ocrx_word' id='word_1_74' title='bbox 576 1459 698 1524; x_wconf 77' lang='lat' dir='ltr'><strong>obicias</strong></span> <span class='ocrx_word' id='word_1_75' title='bbox 719 1459 860 1541; x_wconf 73' lang='lat' dir='ltr'><strong>[cimicis</strong></span> <span class='ocrx_word' id='word_1_76' title='bbox 882 1463 1078 1545; x_wconf 74' lang='lat' dir='ltr'><strong>papiuerem</strong></span> <span class='ocrx_word' id='word_1_77' title='bbox 1105 1461 1165 1540; x_wconf 83' lang='lat' dir='ltr'><strong>[sis</strong></span> <span class='ocrx_word' id='word_1_78' title='bbox 1188 1459 1312 1542; x_wconf 75' lang='lat' dir='ltr'><strong>Trin.²].</strong></span> 
     </span>
     <span class='ocr_line' id='line_1_11' title="bbox 246 1601 486 1669; baseline 0.008 -3"><span class='ocrx_word' id='word_1_79' title='bbox 246 1601 329 1666; x_wconf 82' lang='lat' dir='ltr'><strong>item</strong></span> <span class='ocrx_word' id='word_1_80' title='bbox 354 1626 382 1668; x_wconf 82' lang='lat' dir='ltr'><strong>v.</strong></span> <span class='ocrx_word' id='word_1_81' title='bbox 406 1603 486 1669; x_wconf 82' lang='lat'>648:</span> 
     </span>
    </p>
   </div>
   <div class='ocr_carea' id='block_1_5' title="bbox 233 1745 1393 2170">
    <p class='ocr_par' dir='ltr' id='par_1_6' title="bbox 335 1745 1393 1935">
     <span class='ocr_line' id='line_1_12' title="bbox 335 1745 1393 1832; baseline 0.002 -23"><span class='ocrx_word' id='word_1_82' title='bbox 335 1745 574 1830; x_wconf 74' lang='lat' dir='ltr'><strong>Praetptauisti</strong></span> <span class='ocrx_word' id='word_1_83' title='bbox 597 1749 741 1812; x_wconf 86' lang='lat' dir='ltr'><strong>am6rem</strong></span> <span class='ocrx_word' id='word_1_84' title='bbox 765 1751 859 1812; x_wconf 88' lang='lat' dir='ltr'><strong>tuum</strong></span> <span class='ocrx_word' id='word_1_85' title='bbox 881 1747 930 1811; x_wconf 91' lang='lat' dir='ltr'><strong>uti</strong></span> <span class='ocrx_word' id='word_1_86' title='bbox 953 1749 1067 1812; x_wconf 67' lang='lat' dir='ltr'><strong>sertus</strong></span> <span class='ocrx_word' id='word_1_87' title='bbox 1093 1749 1306 1832; x_wconf 71' lang='lat' dir='ltr'><strong>praeptneres</strong></span> <span class='ocrx_word' id='word_1_88' title='bbox 1331 1747 1393 1830; x_wconf 85' lang='lat' dir='ltr'><strong>[sic</strong></span> 
     </span>
     <span class='ocr_line' id='line_1_13' title="bbox 1099 1851 1214 1935; baseline 0.017 -17"><span class='ocrx_word' id='word_1_89' title='bbox 1099 1851 1214 1935; x_wconf 80' lang='lat' dir='ltr'><strong>&#39;Prim&#39;J</strong></span> 
     </span>
    </p>

    <p class='ocr_par' dir='ltr' id='par_1_7' title="bbox 247 1995 1392 2079">
     <span class='ocr_line' id='line_1_14' title="bbox 247 1995 1392 2079; baseline 0.001 -20"><span class='ocrx_word' id='word_1_90' title='bbox 247 1995 398 2079; x_wconf 75' lang='lat' dir='ltr'>quantilli</span> <span class='ocrx_word' id='word_1_91' title='bbox 427 1996 489 2060; x_wconf 85' lang='lat' dir='ltr'><strong>fuit</strong></span> <span class='ocrx_word' id='word_1_92' title='bbox 512 2018 550 2061; x_wconf 85' lang='lat' dir='ltr'><strong>ex</strong></span> <span class='ocrx_word' id='word_1_93' title='bbox 575 2014 878 2078; x_wconf 73' lang='lat' dir='ltr'><strong>ppumurmmrum</strong></span> <span class='ocrx_word' id='word_1_94' title='bbox 902 1997 954 2062; x_wconf 85' lang='lat' dir='ltr'><strong>vel</strong></span> <span class='ocrx_word' id='word_1_95' title='bbox 978 2015 1315 2062; x_wconf 78' lang='lat' dir='ltr'><strong>rusmruumrurmr</strong></span> <span class='ocrx_word' id='word_1_96' title='bbox 1339 1997 1392 2060; x_wconf 85' lang='lat' dir='ltr'><strong>vel</strong></span> 
     </span>
    </p>

    <p class='ocr_par' dir='ltr' id='par_1_8' title="bbox 233 2101 1391 2170">
     <span class='ocr_line' id='line_1_15' title="bbox 233 2101 1391 2170; baseline 0.003 -4"><span class='ocrx_word' id='word_1_97' title='bbox 233 2119 547 2169; x_wconf 63' lang='lat' dir='ltr'><strong>mUUMUfflTUTwU</strong></span> <span class='ocrx_word' id='word_1_98' title='bbox 565 2103 717 2168; x_wconf 82' lang='lat' dir='ltr'><strong>efficere?</strong></span> <span class='ocrx_word' id='word_1_99' title='bbox 740 2101 867 2168; x_wconf 88' lang='lat' dir='ltr'><strong>Certius</strong></span> <span class='ocrx_word' id='word_1_100' title='bbox 888 2105 986 2168; x_wconf 81' lang='lat' dir='ltr'><strong>stiam</strong></span> <span class='ocrx_word' id='word_1_101' title='bbox 1006 2125 1034 2170; x_wconf 87' lang='lat' dir='ltr'><strong>v.</strong></span> <span class='ocrx_word' id='word_1_102' title='bbox 1049 2105 1113 2170; x_wconf 94' lang='grc'><strong>977</strong></span> <span class='ocrx_word' id='word_1_103' title='bbox 1133 2106 1303 2169; x_wconf 86' lang='lat' dir='ltr'><strong>restitutus</strong></span> <span class='ocrx_word' id='word_1_104' title='bbox 1327 2110 1391 2169; x_wconf 87' lang='lat' dir='ltr'><strong>est:</strong></span> 
     </span>
    </p>
   </div>
   <div class='ocr_carea' id='block_1_6' title="bbox 244 2237 1393 2794">
    <p class='ocr_par' dir='ltr' id='par_1_9' title="bbox 335 2237 1390 2418">
     <span class='ocr_line' id='line_1_16' title="bbox 335 2237 1390 2344; baseline 0.001 -34"><span class='ocrx_word' id='word_1_105' title='bbox 335 2237 436 2312; x_wconf 76' lang='lat' dir='ltr'><strong>Prtin</strong></span> <span class='ocrx_word' id='word_1_106' title='bbox 464 2251 500 2311; x_wconf 89' lang='lat' dir='ltr'><strong>tu</strong></span> <span class='ocrx_word' id='word_1_107' title='bbox 523 2249 557 2311; x_wconf 82' lang='lat' dir='ltr'><strong>te</strong></span> <span class='ocrx_word' id='word_1_108' title='bbox 579 2245 705 2328; x_wconf 82' lang='lat' dir='ltr'><strong>itidem,</strong></span> <span class='ocrx_word' id='word_1_109' title='bbox 738 2249 776 2310; x_wconf 89' lang='lat' dir='ltr'><strong>ut</strong></span> <span class='ocrx_word' id='word_1_110' title='bbox 799 2244 1019 2312; x_wconf 73' lang='lat' dir='ltr'><strong>chirmidetus</strong></span> <span class='ocrx_word' id='word_1_111' title='bbox 1042 2247 1086 2324; x_wconf 73' lang='lat' dir='ltr'><strong>es,</strong></span> <span class='ocrx_word' id='word_1_112' title='bbox 1115 2246 1241 2344; x_wconf 71' lang='lat' dir='ltr'><strong>messim</strong></span> <span class='ocrx_word' id='word_1_113' title='bbox 1265 2246 1390 2311; x_wconf 71' lang='lat' dir='ltr'><strong>rechris-</strong></span> 
     </span>
     <span class='ocr_line' id='line_1_17' title="bbox 1100 2353 1202 2418; baseline 0 0"><span class='ocrx_word' id='word_1_114' title='bbox 1100 2353 1202 2418; x_wconf 79' lang='lat' dir='ltr'><strong>mida:</strong></span> 
     </span>
    </p>

    <p class='ocr_par' dir='ltr' id='par_1_10' title="bbox 244 2494 1393 2580">
     <span class='ocr_line' id='line_1_18' title="bbox 244 2494 1393 2580; baseline 0.001 -21"><span class='ocrx_word' id='word_1_115' title='bbox 244 2496 277 2559; x_wconf 88' lang='lat' dir='ltr'><strong>in</strong></span> <span class='ocrx_word' id='word_1_116' title='bbox 302 2517 366 2580; x_wconf 85' lang='lat' dir='ltr'><strong>quo</strong></span> <span class='ocrx_word' id='word_1_117' title='bbox 389 2518 461 2560; x_wconf 85' lang='lat' dir='ltr'><strong>eum</strong></span> <span class='ocrx_word' id='word_1_118' title='bbox 485 2499 519 2560; x_wconf 85' lang='lat' dir='ltr'><strong>et</strong></span> <span class='ocrx_word' id='word_1_119' title='bbox 541 2494 636 2560; x_wconf 76' lang='lat' dir='ltr'><strong>valde</strong></span> <span class='ocrx_word' id='word_1_120' title='bbox 659 2496 791 2580; x_wconf 73' lang='lat' dir='ltr'><strong>ingrata</strong></span> <span class='ocrx_word' id='word_1_121' title='bbox 815 2496 859 2561; x_wconf 88' lang='lat' dir='ltr'><strong>sit</strong></span> <span class='ocrx_word' id='word_1_122' title='bbox 883 2495 1054 2560; x_wconf 88' lang='lat' dir='ltr'><strong>verborum</strong></span> <span class='ocrx_word' id='word_1_123' title='bbox 1077 2495 1287 2560; x_wconf 73' lang='lat' dir='ltr'><em>charmidatus</em></span> <span class='ocrx_word' id='word_1_124' title='bbox 1305 2517 1335 2560; x_wconf 82' lang='lat' dir='ltr'><strong>es</strong></span> <span class='ocrx_word' id='word_1_125' title='bbox 1359 2496 1393 2560; x_wconf 92' lang='lat' dir='ltr'><strong>in</strong></span> 
     </span>
    </p>

    <p class='ocr_par' dir='ltr' id='par_1_11' title="bbox 246 2601 1393 2687">
     <span class='ocr_line' id='line_1_19' title="bbox 246 2601 1393 2687; baseline -0.001 -20"><span class='ocrx_word' id='word_1_126' title='bbox 246 2625 379 2667; x_wconf 78' lang='lat' dir='ltr'><strong>cassura</strong></span> <span class='ocrx_word' id='word_1_127' title='bbox 408 2603 596 2687; x_wconf 78' lang='lat' dir='ltr'><strong>diremptio,</strong></span> <span class='ocrx_word' id='word_1_128' title='bbox 626 2605 659 2666; x_wconf 91' lang='lat' dir='ltr'><strong>et</strong></span> <span class='ocrx_word' id='word_1_129' title='bbox 687 2603 813 2667; x_wconf 83' lang='lat' dir='ltr'><strong>ratione</strong></span> <span class='ocrx_word' id='word_1_130' title='bbox 841 2605 950 2666; x_wconf 79' lang='lat' dir='ltr'><strong>careat</strong></span> <span class='ocrx_word' id='word_1_131' title='bbox 978 2601 1172 2666; x_wconf 77' lang='lat' dir='ltr'><strong>rectarmida</strong></span> <span class='ocrx_word' id='word_1_132' title='bbox 1202 2603 1307 2668; x_wconf 82' lang='lat' dir='ltr'><strong>forme</strong></span> <span class='ocrx_word' id='word_1_133' title='bbox 1339 2603 1393 2686; x_wconf 84' lang='lat' dir='ltr'><strong>[cf.</strong></span> 
     </span>
    </p>

    <p class='ocr_par' dir='ltr' id='par_1_12' title="bbox 245 2709 1391 2794">
     <span class='ocr_line' id='line_1_20' title="bbox 245 2709 1391 2794; baseline -0.001 -21"><span class='ocrx_word' id='word_1_134' title='bbox 245 2731 344 2793; x_wconf 75' lang='lat' dir='ltr'><strong>supra</strong></span> <span class='ocrx_word' id='word_1_135' title='bbox 362 2732 392 2794; x_wconf 91' lang='lat' dir='ltr'><strong>p.</strong></span> <span class='ocrx_word' id='word_1_136' title='bbox 412 2710 501 2793; x_wconf 84' lang='lat'><strong>331],</strong></span> <span class='ocrx_word' id='word_1_137' title='bbox 524 2715 557 2775; x_wconf 86' lang='lat' dir='ltr'><strong>et</strong></span> <span class='ocrx_word' id='word_1_138' title='bbox 579 2715 613 2774; x_wconf 71' lang='lat' dir='ltr'><strong>tu</strong></span> <span class='ocrx_word' id='word_1_139' title='bbox 636 2715 663 2774; x_wconf 81' lang='lat' dir='ltr'><strong>te</strong></span> <span class='ocrx_word' id='word_1_140' title='bbox 685 2710 818 2775; x_wconf 79' lang='lat' dir='ltr'><strong>vocibus</strong></span> <span class='ocrx_word' id='word_1_141' title='bbox 841 2709 876 2773; x_wconf 92' lang='lat' dir='ltr'><strong>in</strong></span> <span class='ocrx_word' id='word_1_142' title='bbox 899 2714 960 2772; x_wconf 76' lang='lat' dir='ltr'><strong>tute</strong></span> <span class='ocrx_word' id='word_1_143' title='bbox 983 2709 1163 2773; x_wconf 84' lang='lat' dir='ltr'><strong>coniunctis</strong></span> <span class='ocrx_word' id='word_1_144' title='bbox 1188 2709 1391 2774; x_wconf 80' lang='lat' dir='ltr'><strong>accusativus</strong></span> 
     </span>
    </p>
   </div>
   <div class='ocr_carea' id='block_1_7' title="bbox 245 2815 1392 3007">
    <p class='ocr_par' dir='ltr' id='par_1_13' title="bbox 245 2815 1392 3007">
     <span class='ocr_line' id='line_1_21' title="bbox 245 2815 1392 2900; baseline 0.001 -21"><span class='ocrx_word' id='word_1_145' title='bbox 245 2815 342 2900; x_wconf 81' lang='lat' dir='ltr'><strong>desit,</strong></span> <span class='ocrx_word' id='word_1_146' title='bbox 373 2838 439 2882; x_wconf 87' lang='lat' dir='ltr'><strong>non</strong></span> <span class='ocrx_word' id='word_1_147' title='bbox 463 2817 589 2882; x_wconf 84' lang='lat' dir='ltr'><strong>videtur</strong></span> <span class='ocrx_word' id='word_1_148' title='bbox 610 2815 753 2880; x_wconf 84' lang='lat' dir='ltr'><strong>dubitari</strong></span> <span class='ocrx_word' id='word_1_149' title='bbox 779 2837 875 2899; x_wconf 87' lang='lat' dir='ltr'><strong>posse</strong></span> <span class='ocrx_word' id='word_1_150' title='bbox 898 2815 977 2900; x_wconf 90' lang='lat' dir='ltr'><strong>quin</strong></span> <span class='ocrx_word' id='word_1_151' title='bbox 999 2821 1097 2899; x_wconf 83' lang='lat' dir='ltr'><strong>poeta</strong></span> <span class='ocrx_word' id='word_1_152' title='bbox 1121 2815 1286 2898; x_wconf 73' lang='lat' dir='ltr'><strong>scripserit</strong></span> <span class='ocrx_word' id='word_1_153' title='bbox 1308 2816 1392 2899; x_wconf 89' lang='lat' dir='ltr'>quod</span> 
     </span>
     <span class='ocr_line' id='line_1_22' title="bbox 245 2942 438 3007; baseline 0.016 -23"><span class='ocrx_word' id='word_1_154' title='bbox 245 2942 438 3007; x_wconf 82' lang='lat' dir='ltr'><strong>recep1mus:</strong></span> 
     </span>
    </p>
   </div>
   <div class='ocr_carea' id='block_1_8' title="bbox 334 3074 1392 3254">
    <p class='ocr_par' dir='ltr' id='par_1_14' title="bbox 334 3074 1392 3254">
     <span class='ocr_line' id='line_1_23' title="bbox 334 3074 1392 3166; baseline 0.003 -21"><span class='ocrx_word' id='word_1_155' title='bbox 334 3074 434 3147; x_wconf 74' lang='lat' dir='ltr'><strong>Preiin</strong></span> <span class='ocrx_word' id='word_1_156' title='bbox 457 3086 527 3148; x_wconf 82' lang='lat' dir='ltr'><strong>tute</strong></span> <span class='ocrx_word' id='word_1_157' title='bbox 550 3083 677 3166; x_wconf 86' lang='lat' dir='ltr'><strong>itidem,</strong></span> <span class='ocrx_word' id='word_1_158' title='bbox 710 3088 746 3148; x_wconf 88' lang='lat' dir='ltr'><strong>ut</strong></span> <span class='ocrx_word' id='word_1_159' title='bbox 779 3082 1020 3161; x_wconf 70' lang='lat' dir='ltr'><strong>chirmidstu&#39;s,</strong></span> <span class='ocrx_word' id='word_1_160' title='bbox 1053 3086 1183 3148; x_wconf 74' lang='lat' dir='ltr'><strong>mireum</strong></span> <span class='ocrx_word' id='word_1_161' title='bbox 1213 3088 1240 3147; x_wconf 84' lang='lat' dir='ltr'><strong>te</strong></span> <span class='ocrx_word' id='word_1_162' title='bbox 1266 3085 1392 3148; x_wconf 74' lang='lat' dir='ltr'><strong>deehir-</strong></span> 
     </span>
     <span class='ocr_line' id='line_1_24' title="bbox 1099 3189 1195 3254; baseline -0.01 0"><span class='ocrx_word' id='word_1_163' title='bbox 1099 3189 1195 3254; x_wconf 78' lang='lat' dir='ltr'><strong>mide.</strong></span> 
     </span>
    </p>
   </div>
   <div class='ocr_carea' id='block_1_9' title="bbox 246 3331 1500 3630">
    <p class='ocr_par' dir='ltr' id='par_1_15' title="bbox 246 3331 1500 3630">
     <span class='ocr_line' id='line_1_25' title="bbox 247 3331 1390 3418; baseline 0.002 -22"><span class='ocrx_word' id='word_1_164' title='bbox 247 3331 309 3397; x_wconf 90' lang='lat' dir='ltr'><strong>His</strong></span> <span class='ocrx_word' id='word_1_165' title='bbox 332 3333 435 3418; x_wconf 83' lang='lat' dir='ltr'><strong>igitur</strong></span> <span class='ocrx_word' id='word_1_166' title='bbox 458 3333 533 3396; x_wconf 86' lang='lat' dir='ltr'><strong>hinc</strong></span> <span class='ocrx_word' id='word_1_167' title='bbox 557 3333 743 3417; x_wconf 80' lang='lat' dir='ltr'><strong>segregatis·</strong></span> <span class='ocrx_word' id='word_1_168' title='bbox 763 3333 796 3396; x_wconf 90' lang='lat' dir='ltr'><strong>in</strong></span> <span class='ocrx_word' id='word_1_169' title='bbox 819 3336 892 3397; x_wconf 80' lang='lat' dir='ltr'><strong>tota</strong></span> <span class='ocrx_word' id='word_1_170' title='bbox 915 3331 1105 3396; x_wconf 83' lang='lat' dir='ltr'><strong>Trinummo</strong></span> <span class='ocrx_word' id='word_1_171' title='bbox 1129 3337 1258 3416; x_wconf 85' lang='lat' dir='ltr'><strong>praeter</strong></span> <span class='ocrx_word' id='word_1_172' title='bbox 1274 3339 1390 3416; x_wconf 79' lang='lat' dir='ltr'><strong>postre-</strong></span> 
     </span>
     <span class='ocr_line' id='line_1_26' title="bbox 246 3439 1500 3525; baseline 0.002 -23"><span class='ocrx_word' id='word_1_173' title='bbox 246 3461 332 3503; x_wconf 78' lang='lat' dir='ltr'><strong>mum</strong></span> <span class='ocrx_word' id='word_1_174' title='bbox 353 3441 533 3521; x_wconf 68' lang='lat' dir='ltr'><strong>pmaeneris</strong></span> <span class='ocrx_word' id='word_1_175' title='bbox 559 3439 641 3504; x_wconf 88' lang='lat' dir='ltr'><strong>illud</strong></span> <span class='ocrx_word' id='word_1_176' title='bbox 664 3439 727 3503; x_wconf 89' lang='lat' dir='ltr'><strong>duo</strong></span> <span class='ocrx_word' id='word_1_177' title='bbox 751 3439 899 3524; x_wconf 85' lang='lat' dir='ltr'><strong>exempla</strong></span> <span class='ocrx_word' id='word_1_178' title='bbox 922 3443 1062 3524; x_wconf 78' lang='lat' dir='ltr'><strong>restant,</strong></span> <span class='ocrx_word' id='word_1_179' title='bbox 1090 3461 1172 3523; x_wconf 77' lang='lat' dir='ltr'><strong>quae</strong></span> <span class='ocrx_word' id='word_1_180' title='bbox 1195 3462 1260 3506; x_wconf 89' lang='lat' dir='ltr'><strong>non</strong></span> <span class='ocrx_word' id='word_1_181' title='bbox 1284 3442 1389 3525; x_wconf 79' lang='lat' dir='ltr'><strong>magis</strong></span> <span class='ocrx_word' id='word_1_182' title='bbox 1405 3464 1500 3508; x_wconf 82' lang='lat' dir='ltr'><strong>cexvr</strong></span> 
     </span>
     <span class='ocr_line' id='line_1_27' title="bbox 247 3545 1391 3630; baseline 0.003 -20"><span class='ocrx_word' id='word_1_183' title='bbox 247 3567 318 3610; x_wconf 84' lang='lat' dir='ltr'><strong>esse</strong></span> <span class='ocrx_word' id='word_1_184' title='bbox 355 3545 559 3610; x_wconf 78' lang='lat' dir='ltr'><strong>sollicitanda</strong></span> <span class='ocrx_word' id='word_1_185' title='bbox 594 3546 764 3611; x_wconf 77' lang='lat' dir='ltr'><strong>videantur</strong></span> <span class='ocrx_word' id='word_1_186' title='bbox 801 3568 898 3630; x_wconf 79' lang='lat' dir='ltr'><strong>quam</strong></span> <span class='ocrx_word' id='word_1_187' title='bbox 931 3545 1117 3611; x_wconf 74' lang='lat' dir='ltr'><strong>Ennianum</strong></span> <span class='ocrx_word' id='word_1_188' title='bbox 1153 3549 1190 3612; x_wconf 84' lang='lat' dir='ltr'><strong>de</strong></span> <span class='ocrx_word' id='word_1_189' title='bbox 1221 3569 1326 3627; x_wconf 81' lang='lat' dir='ltr'><strong>muro,</strong></span> <span class='ocrx_word' id='word_1_190' title='bbox 1363 3571 1391 3614; x_wconf 86' lang='lat' dir='ltr'><strong>v.</strong></span> 
     </span>
    </p>
   </div>
   <div class='ocr_carea' id='block_1_10' title="bbox 247 3652 425 3718">
    <p class='ocr_par' dir='ltr' id='par_1_16' title="bbox 247 3652 425 3718">
     <span class='ocr_line' id='line_1_28' title="bbox 247 3652 425 3718; baseline -0.011 0"><span class='ocrx_word' id='word_1_191' title='bbox 247 3653 321 3718; x_wconf 79' lang='lat'>862.</span> <span class='ocrx_word' id='word_1_192' title='bbox 345 3652 425 3716; x_wconf 75' lang='lat'>947:</span> 
     </span>
    </p>
   </div>
   <div class='ocr_carea' id='block_1_11' title="bbox 335 3793 1395 4093">
    <p class='ocr_par' dir='ltr' id='par_1_17' title="bbox 335 3793 1395 4093">
     <span class='ocr_line' id='line_1_29' title="bbox 335 3793 1296 3862; baseline 0.003 -3"><span class='ocrx_word' id='word_1_193' title='bbox 335 3793 380 3860; x_wconf 90' lang='lat' dir='ltr'><strong>Ni</strong></span> <span class='ocrx_word' id='word_1_194' title='bbox 403 3793 473 3860; x_wconf 80' lang='lat' dir='ltr'><strong>sslie</strong></span> <span class='ocrx_word' id='word_1_195' title='bbox 495 3794 627 3861; x_wconf 91' lang='lat' dir='ltr'><strong>homost</strong></span> <span class='ocrx_word' id='word_1_196' title='bbox 649 3799 706 3860; x_wconf 83' lang='lat' dir='ltr'><strong>aut</strong></span> <span class='ocrx_word' id='word_1_197' title='bbox 729 3795 924 3860; x_wconf 67' lang='lat' dir='ltr'><strong>dermitetor</strong></span> <span class='ocrx_word' id='word_1_198' title='bbox 946 3795 1003 3859; x_wconf 75' lang='lat' dir='ltr'><strong>arit</strong></span> <span class='ocrx_word' id='word_1_199' title='bbox 1023 3797 1117 3860; x_wconf 81' lang='lat' dir='ltr'><strong>seeto‘r</strong></span> <span class='ocrx_word' id='word_1_200' title='bbox 1140 3798 1296 3862; x_wconf 76' lang='lat' dir='ltr'><strong>zonirius.</strong></span> 
     </span>
     <span class='ocr_line' id='line_1_30' title="bbox 335 3899 1395 3989; baseline 0 -21"><span class='ocrx_word' id='word_1_201' title='bbox 335 3903 527 3968; x_wconf 76' lang='lat' dir='ltr'><strong>Praedicare</strong></span> <span class='ocrx_word' id='word_1_202' title='bbox 556 3901 730 3986; x_wconf 78' lang='lat' dir='ltr'><strong>[De&#39;putare</strong></span> <span class='ocrx_word' id='word_1_203' title='bbox 759 3899 879 3984; x_wconf 81' lang='lat' dir='ltr'><strong>Trin.²]</strong></span> <span class='ocrx_word' id='word_1_204' title='bbox 909 3905 1040 3988; x_wconf 21' lang='lat' dir='ltr'><strong>0p61rtst</strong></span> <span class='ocrx_word' id='word_1_205' title='bbox 1067 3905 1122 3989; x_wconf 86' lang='lat' dir='ltr'><strong>qui</strong></span> <span class='ocrx_word' id='word_1_206' title='bbox 1153 3906 1210 3968; x_wconf 83' lang='lat' dir='ltr'><strong>abs</strong></span> <span class='ocrx_word' id='word_1_207' title='bbox 1237 3908 1326 3969; x_wconf 78' lang='lat' dir='ltr'><strong>terre</strong></span> <span class='ocrx_word' id='word_1_208' title='bbox 1351 3905 1395 3968; x_wconf 70' lang='lat' dir='ltr'><strong>ed</strong></span> 
     </span>
     <span class='ocr_line' id='line_1_31' title="bbox 1046 4011 1378 4093; baseline 0 -19"><span class='ocrx_word' id='word_1_209' title='bbox 1046 4011 1163 4074; x_wconf 68' lang='lat' dir='ltr'><strong>mettim</strong></span> <span class='ocrx_word' id='word_1_210' title='bbox 1187 4011 1378 4093; x_wconf 67' lang='lat' dir='ltr'><strong>peruenerit.</strong></span> 
     </span>
    </p>
   </div>
   <div class='ocr_carea' id='block_1_12' title="bbox 247 4133 973 4221">
    <p class='ocr_par' dir='ltr' id='par_1_18' title="bbox 247 4133 973 4221">
     <span class='ocr_line' id='line_1_32' title="bbox 247 4133 973 4221; baseline -0.003 -20"><span class='ocrx_word' id='word_1_211' title='bbox 247 4135 370 4212; x_wconf 82' lang='lat' dir='ltr'><strong>Quibus</strong></span> <span class='ocrx_word' id='word_1_212' title='bbox 394 4141 569 4221; x_wconf 80' lang='lat' dir='ltr'><strong>cognatum</strong></span> <span class='ocrx_word' id='word_1_213' title='bbox 593 4135 627 4199; x_wconf 94' lang='lat' dir='ltr'><strong>in</strong></span> <span class='ocrx_word' id='word_1_214' title='bbox 650 4133 766 4199; x_wconf 81' lang='lat' dir='ltr'><strong>Bacch.</strong></span> <span class='ocrx_word' id='word_1_215' title='bbox 792 4135 855 4199; x_wconf 84' lang='grc'><strong>756</strong></span> <span class='ocrx_word' id='word_1_216' title='bbox 881 4133 973 4218; x_wconf 82' lang='grc'>[795]</span> 
     </span>
    </p>
   </div>
   <div class='ocr_carea' id='block_1_13' title="bbox 335 4264 1206 4361">
    <p class='ocr_par' dir='ltr' id='par_1_19' title="bbox 335 4264 1206 4361">
     <span class='ocr_line' id='line_1_33' title="bbox 335 4264 1206 4361; baseline -0.007 -17"><span class='ocrx_word' id='word_1_217' title='bbox 335 4277 381 4344; x_wconf 91' lang='lat' dir='ltr'><strong>Vt</strong></span> <span class='ocrx_word' id='word_1_218' title='bbox 403 4278 504 4343; x_wconf 67' lang='lat' dir='ltr'><strong>uerba</strong></span> <span class='ocrx_word' id='word_1_219' title='bbox 526 4275 606 4341; x_wconf 92' lang='lat' dir='ltr'><strong>mihi</strong></span> <span class='ocrx_word' id='word_1_220' title='bbox 630 4275 699 4360; x_wconf 79' lang='lat' dir='ltr'><strong>dat,</strong></span> <span class='ocrx_word' id='word_1_221' title='bbox 721 4275 757 4340; x_wconf 73' lang='lat' dir='ltr'><strong>st</strong></span> <span class='ocrx_word' id='word_1_222' title='bbox 778 4264 879 4341; x_wconf 76' lang='lat' dir='ltr'><strong>neseio</strong></span> <span class='ocrx_word' id='word_1_223' title='bbox 902 4296 998 4361; x_wconf 79' lang='lat' dir='ltr'><strong>quam</strong></span> <span class='ocrx_word' id='word_1_224' title='bbox 1021 4275 1090 4340; x_wconf 69' lang='lat' dir='ltr'><strong>rem</strong></span> <span class='ocrx_word' id='word_1_225' title='bbox 1112 4278 1206 4360; x_wconf 79' lang='lat' dir='ltr'><strong>geret</strong></span> 
     </span>
    </p>
   </div>
   <div class='ocr_carea' id='block_1_14' title="bbox 337 4451 1284 4683">
    <p class='ocr_par' dir='ltr' id='par_1_20' title="bbox 337 4451 1284 4683">
     <span class='ocr_line' id='line_1_34' title="bbox 353 4451 857 4524; baseline 0.004 -19"><span class='ocrx_word' id='word_1_226' title='bbox 353 4452 378 4523; x_wconf 76' lang='lat'><strong>⁴¹)</strong></span> <span class='ocrx_word' id='word_1_227' title='bbox 398 4453 452 4524; x_wconf 80' lang='lat' dir='ltr'><strong>[Gt.</strong></span> <span class='ocrx_word' id='word_1_228' title='bbox 471 4451 559 4524; x_wconf 71' lang='lat' dir='ltr'><strong>praei.</strong></span> <span class='ocrx_word' id='word_1_229' title='bbox 578 4451 670 4508; x_wconf 69' lang='lat' dir='ltr'><strong>‘irim&#39;</strong></span> <span class='ocrx_word' id='word_1_230' title='bbox 688 4469 715 4521; x_wconf 90' lang='lat' dir='ltr'><strong>p.</strong></span> <span class='ocrx_word' id='word_1_231' title='bbox 735 4451 857 4520; x_wconf 72' lang='lat' dir='ltr'><strong>vanJ</strong></span> 
     </span>
     <span class='ocr_line' id='line_1_35' title="bbox 337 4539 1284 4612; baseline 0.005 -20"><span class='ocrx_word' id='word_1_232' title='bbox 337 4541 379 4612; x_wconf 75' lang='grc'><strong>**)</strong></span> <span class='ocrx_word' id='word_1_233' title='bbox 399 4542 455 4612; x_wconf 74' lang='lat' dir='ltr'><strong>[Ite</strong></span> <span class='ocrx_word' id='word_1_234' title='bbox 473 4541 608 4612; x_wconf 73' lang='lat' dir='ltr'><strong>Scaliger,</strong></span> <span class='ocrx_word' id='word_1_235' title='bbox 629 4542 725 4596; x_wconf 76' lang='lat' dir='ltr'><strong>Douss</strong></span> <span class='ocrx_word' id='word_1_236' title='bbox 742 4541 791 4610; x_wconf 68' lang='lat' dir='ltr'><strong>fil,</strong></span> <span class='ocrx_word' id='word_1_237' title='bbox 810 4539 928 4609; x_wconf 79' lang='lat' dir='ltr'><strong>Reizius,</strong></span> <span class='ocrx_word' id='word_1_238' title='bbox 947 4540 1021 4609; x_wconf 88' lang='lat' dir='ltr'><strong>quod</strong></span> <span class='ocrx_word' id='word_1_239' title='bbox 1041 4539 1216 4596; x_wconf 78' lang='lat' dir='ltr'><strong>confirmavit</strong></span> <span class='ocrx_word' id='word_1_240' title='bbox 1234 4541 1284 4612; x_wconf 73' lang='lat' dir='ltr'><strong>A]</strong></span> 
     </span>
     <span class='ocr_line' id='line_1_36' title="bbox 1123 4627 1179 4683; baseline 0.036 -1"><span class='ocrx_word' id='word_1_241' title='bbox 1123 4627 1179 4683; x_wconf 73' lang='lat'><strong>29*</strong></span> 
     </span>
    </p>
   </div>
   <div class='ocr_carea' id='block_1_15' title="bbox 0 0 1673 5074">
    <p class='ocr_par' dir='ltr' id='par_1_21' title="bbox 0 0 1673 5074">
     <span class='ocr_line' id='line_1_37' title="bbox 0 0 1673 5074; baseline 0 0"><span class='ocrx_word' id='word_1_242' title='bbox 0 0 1673 5074; x_wconf 95' lang='lat' dir='ltr'><strong> </strong></span> 
     </span>
    </p>
   </div>
  </div>
 </body>
</html>
