3332 5074
344 385 410 449 460
639 397 898 446 asonaoousun
921 397 969 444 os
993 395 1203 444 nsrronrsus

433 543 524 609 Mo‘us
548 543 605 606 ille'
624 540 800 625 quidemst:
823 537 886 604 trlri
909 561 995 604 nnnc
1019 561 1150 624 operam
1174 585 1448 603 ......

434 651 517 716 Srint
540 655 689 734 uterque:
711 648 768 712 illc'
786 645 994 731 reprehendit
1012 692 1446 712 .........

434 757 621 840 Lesbonico,
642 757 709 821 cssc'
727 755 876 820 uideatur
905 801 1446 818 ...........

435 862 519 941 Quid
545 864 577 928 id
602 867 651 928 est
673 863 734 927 tibi
756 859 913 949 norff),
936 858 1124 926 adulescens
1170 910 1448 927 ......

343 1008 413 1073 Neo
445 1007 546 1073 levior
577 1009 717 1090 tantum,
747 1009 784 1070 ut
815 1005 931 1070 horum
955 1004 1178 1088 exemplorum
1211 1003 1331 1087 primo,
1362 1003 1418 1067 sed
1451 1024 1492 1066 ne

345 1114 524 1179 fortissima
556 1113 685 1198 quidem
722 1113 940 1196 interpunctio
974 1111 1031 1176 tali
1064 1109 1321 1194 pronuntiationi
1362 1109 1492 1175 obstitit

346 1244 375 1286 s.
398 1221 476 1287 605:

435 1361 510 1428 Sine
533 1365 608 1430 dote'.
632 1361 699 1428 CA.
721 1363 792 1428 sine
815 1363 890 1430 dote
913 1363 967 1428 ille
991 1363 1082 1427 illam
1120 1414 1126 1425 .
1174 1412 1180 1425 .
1227 1413 1233 1425 .
1280 1414 1286 1426 .
1333 1413 1340 1426 .
1386 1412 1393 1424 .
1439 1385 1446 1426 :

347 1505 411 1570 nisi
435 1528 507 1572 eam
538 1507 643 1592 ipsam
674 1507 715 1571 ob
749 1529 898 1610 caussam
930 1505 976 1570 ibi
1007 1505 1076 1570 dem
1108 1503 1378 1591 inserendum.**)
1428 1503 1490 1570 Sed

349 1613 464 1678 similis
487 1615 709 1698 pronuntiatio
734 1638 762 1678 s.
786 1613 864 1678 329:

216 1778 333 1820 ccxxvr
436 1755 486 1820 De'
508 1760 595 1822 mede
623 1779 699 1823 nam
723 1757 807 1842 quod
831 1759 969 1840 tmtmst,
991 1759 1141 1836 meumst,
1163 1757 1255 1821 manc'
1272 1776 1373 1820 meum
1391 1754 1493 1818 autea

1147 1867 1280 1946 tuumst,

347 2029 419 2071 cum
443 2011 476 2072 et
498 2007 532 2072 in
556 2012 682 2072 sextum
705 2007 820 2092 pedem
843 2007 966 2073 incidat
992 2031 1051 2074 neo
1064 2030 1094 2072 a
1117 2006 1242 2072 duabus
1266 2006 1417 2072 brevibus
1441 2029 1492 2072 ex-

346 2113 494 2198 cipiatur,
517 2114 625 2179 nescio
650 2136 692 2178 an
715 2137 779 2179 non
804 2115 885 2179 satis
909 2119 1002 2180 caute
1025 2113 1063 2178 de
1083 2135 1120 2178 eo
1140 2135 1236 2178 versu
1255 2136 1354 2198 supra
1372 2113 1492 2179 iudica-

346 2221 448 2286 verim
472 2244 502 2306 p.
523 2239 582 2288 crx
607 2221 711 2306 [361].
748 2219 848 2286 Cuius
867 2221 1027 2306 inpriore
1046 2225 1138 2308 parte
1158 2243 1231 2286 cum
1250 2221 1344 2287 valde
1362 2222 1493 2306 ingrata

347 2327 456 2393 future
480 2329 524 2392 sit
545 2335 675 2395 meunwt
697 2329 895 2412 syllabarum
920 2334 996 2393 ante
1016 2351 1183 2394 caesuram
1204 2327 1368 2414 synizesis,
1391 2328 1438 2392 sic
1456 2332 1493 2391 ut

347 2457 476 2500 versum
502 2436 707 2501 dimetiamur
730 2435 827 2501 simul
849 2457 921 2501 cum
945 2435 1118 2501 durissimo
1142 2435 1176 2499 in
1199 2436 1312 2520 quinto
1336 2438 1492 2520 sextoque

347 2541 428 2626 pede
452 2543 607 2626 spondeo:

437 2683 485 2748 De'
509 2687 594 2750 med:
617 2708 693 2750 nam
718 2649 957 2770 quod-tuimet,
980 2691 1118 2771 mamae,
1141 2690 1237 2752 omne
1257 2688 1366 2751 aute'm
1385 2691 1491 2752 meum

1145 2795 1282 2858 tnrlmst:

347 2936 507 3021 reliquum
536 2938 586 3000 est
609 2939 646 3000 ut
668 2935 772 3000 multo
801 2935 908 3000 minus
937 2935 1123 3000 offensionis
1152 2935 1292 3000 similem
1320 2934 1517 3020 synizeaim

347 3043 381 3108 in
405 3064 516 3108 sersus
543 3042 631 3107 exitu
659 3042 780 3107 habere
807 3042 1013 3107 recordemur
1035 3041 1087 3126 (ut
1109 3041 1321 3126 Captivorum
1345 3042 1492 3126 exemplo

348 3174 378 3234 p.
402 3167 496 3215 cnvn
520 3149 613 3233 [402]
638 3148 755 3234 allato)
777 3153 811 3213 et
832 3149 917 3214 hauc
939 3149 1049 3234 potius
1072 3150 1231 3214 rationem
1255 3149 1443 3233 probemust

349 3277 528 3288 --.--—-—

437 3327 463 3396 ⁸)
482 3325 525 3396 [In
545 3326 587 3381 ed.
607 3325 670 3394 alt,
688 3325 736 3380 ubi
755 3325 823 3394 quid
840 3325 911 3379 istuc
929 3329 967 3378 est
985 3341 1082 3380 nunna
1104 3323 1183 3379 dedit
1208 3324 1252 3394 (cl.
1274 3342 1360 3395 supra
1373 3344 1400 3397 p.
1420 3328 1492 3394 330),

348 3413 457 3471 addidit
484 3415 653 3470 Ritschelius
685 3414 824 3468 ‘osterum
849 3429 906 3468 nou
934 3411 1085 3483 impedium
1111 3413 1135 3468 si
1163 3413 1212 3484 qui
1239 3415 1310 3469 istuc
1334 3430 1431 3469 aornar
1455 3419 1494 3468 eet

348 3504 542 3575 praeferant']

419 3593 461 3662 **)
481 3593 565 3662 [‘quo
584 3610 640 3648 non
659 3609 729 3663 opus
748 3608 808 3648 esse
828 3591 897 3648 satis
914 3591 999 3647 hodie
1017 3591 1192 3646 intellectum
1207 3593 1268 3649 est!
1285 3591 1396 3663 Trinflj.
1420 3593 1493 3647 Nam

348 3699 383 3738 uc
407 3681 469 3750 quis
492 3685 554 3739 dote'
575 3683 604 3738 in
628 3699 716 3752 pausa
739 3681 874 3737 orationis
896 3699 948 3753 pro
972 3683 1096 3752 spondeo
1115 3697 1175 3737 esse
1195 3681 1325 3751 opinetur
1343 3682 1379 3737 ad
1397 3698 1493 3737 eorum

350 3770 561 3828 similitudinem
580 3787 652 3841 quae
672 3789 698 3840 p.
711 3783 847 3826 cdxxxvi
862 3771 941 3842 [426]
960 3769 1153 3838 tractavimus,
1172 3769 1357 3840 reputandum
1376 3771 1421 3827 est
1438 3770 1493 3840 syl·

349 3861 430 3916 lubus
449 3860 566 3931 ancipiti
584 3861 613 3916 in
631 3861 671 3915 ais
690 3863 800 3916 tantum
819 3861 963 3916 vocabulis
982 3861 1076 3916 locum
1090 3875 1150 3916 esse
1164 3877 1237 3929 quse
1251 3860 1364 3914 brevem
1379 3857 1494 3930 paenul-

350 3949 447 4005 timam
465 3950 602 4017 habeant,
625 3948 772 4018 dactylicis
791 3948 966 4019 potissimum
985 3965 1001 4003 a
1018 3949 1186 4019 trisyllabis,
1205 3947 1272 4005 solis
1291 3947 1494 4020 pyrrhichiaois

349 4057 364 4095 e
384 4039 538 4110 bisyllsbis.
574 4038 762 4106 venium,
781 4045 806 4108 2,
825 4045 859 4092 ³4
879 4037 924 4108 [cl.
945 4040 1045 4108 Opusc.
1064 4039 1133 4108 phil.
1152 4039 1178 4092 ΙΙ
1196 4057 1224 4108 p.
1244 4037 1317 4107 llll.
1345 4036 1422 4090 Trin.
1441 4041 1494 4092 584

350 4127 398 4199 [cl.
419 4144 503 4197 snpra
520 4147 546 4200 p.
567 4129 645 4200 426]:

491 4235 653 4307 Numquam
672 4236 771 4305 edepol
790 4235 848 4290 uidi
865 4237 994 4305 pro'mcrc'.
1013 4253 1110 4292 uerum
1129 4236 1183 4290 hdo
1201 4237 1270 4290 erat.

493 4324 567 4380 Nam
586 4325 721 4379 certumst
737 4323 798 4379 sius
816 4322 882 4379 dote
900 4324 977 4380 haud
996 4326 1070 4381 darc.
1100 4323 1173 4391 Quin
1192 4327 1224 4379 tn
1242 4325 1252 4376 l
1270 4321 1361 4378 modo.

351 4430 430 4485 Adde
453 4432 494 4486 uit
517 4433 547 4485 at
569 4431 651 4486 Iouis
674 4446 689 4484 e
713 4447 798 4501 supra
820 4429 979 4500 disputatis.
1016 4431 1072 4488 Sed
1089 4431 1189 4486 Militis
1207 4431 1241 4498 V,
1260 4436 1295 4484 24
1312 4431 1390 4497 faeta
1408 4429 1496 4500 (Quid

349 4518 375 4570 δ”
393 4517 424 4572 ῑᾶ
441 4532 498 4572 Μ
515 4518 613 4584 fwss?
638 4527 686 4595 Vt)
701 4543 758 4581 non
776 4525 948 4592 machmam,
967 4524 1017 4582 ssd
1035 4539 1131 4578 verum
1150 4521 1305 4594 spondeum
1324 4523 1436 4589 aequat
