3332 5074
316 393 381 457 394
600 406 862 456 saonaecmnus
887 407 934 454 na
958 405 1170 454 usrroursvs

314 552 456 636 dubitat,
489 551 544 616 sed
572 573 612 616 ne
640 550 756 635 parilia
784 549 912 636 quidem
940 569 1067 615 cassem
1096 551 1194 615 colos
1220 570 1324 614 amor
1355 570 1461 615 soror
1528 601 1532 612 .

313 660 419 724 uiros
441 660 533 723 meri
559 655 696 742 erum*)
721 657 766 721 eis
790 656 825 720 in
848 657 941 740 locis,
970 655 1025 739 qui
1049 660 1082 720 et
1105 678 1125 720 a
1147 655 1241 721 libris
1265 676 1340 721 mss.
1365 655 1460 720 fidem

180 789 301 832 cxnvm
314 787 374 830 uec
398 765 525 830 aliunde
549 764 672 851 aliquid
700 763 890 848 suspitionis
913 764 1049 848 habent,
1077 767 1197 829 temme
1221 784 1291 828 csse
1314 763 1350 828 in
1372 762 1462 828 dubi·

313 871 470 936 tationem
502 871 650 937 vocanda
678 869 879 936 concedatur.
926 868 988 935 Sed
1015 870 1183 950 nomina,
1216 873 1254 935 ut
1286 869 1367 954 dixi,
1399 870 1461 934 vel

313 979 531 1062 particulas
556 981 686 1064 oportet
709 1000 793 1063 esse,
821 999 896 1042 non
923 978 1054 1062 verba,
1086 1000 1107 1043 a
1133 976 1250 1062 quibus
1273 979 1335 1045 hoc
1358 999 1461 1064 genus

313 1085 478 1170 licentiae,
507 1087 535 1152 si
564 1085 641 1171 quid
664 1085 773 1170 video,
801 1107 934 1170 prorsus
964 1085 1128 1151 exclusum
1155 1085 1227 1150 fuit.
1273 1083 1321 1150 De
1344 1086 1461 1151 Plauto

313 1192 444 1276 loquor,
481 1193 522 1257 ed
559 1192 747 1257 Terentium
784 1192 848 1257 alio
885 1195 1031 1277 tempore
1067 1191 1237 1257 rediturus.
1287 1193 1461 1259 Rationem

314 1298 465 1384 quaeris?
494 1299 726 1384 experientiam
752 1320 895 1383 oppono:
923 1319 983 1364 nec
1007 1297 1093 1364 enim
1117 1298 1168 1363 vel
1191 1305 1273 1365 auset
1293 1301 1345 1364 vel
1368 1301 1462 1366 uelim

314 1404 366 1469 vel
387 1405 473 1486 feras
496 1406 546 1470 vel
569 1408 673 1471 nuum
691 1407 742 1471 vel
761 1427 864 1472 aiones
882 1407 933 1472 vel
952 1406 1109 1471 eiusmodi
1128 1406 1300 1492 quicquam
1321 1407 1460 1472 similem

314 1511 539 1595 ecthlipsim
562 1535 693 1598 passum
716 1536 871 1599 umquam
895 1512 1075 1579 observavi.
1107 1511 1179 1578 Nisi
1199 1512 1284 1598 quod
1303 1535 1369 1579 non
1389 1535 1459 1578 esse

314 1641 331 1682 e
355 1619 517 1704 corruptis
542 1620 834 1705 argumentandum
858 1643 917 1685 sua
935 1624 1050 1704 sponte
1068 1619 1283 1705 intellegitur:
1308 1620 1457 1706 qualibus

316 1747 427 1790 earum
449 1727 656 1810 potissimum
680 1727 867 1810 formarum,
890 1748 972 1811 quae
997 1730 1074 1791 sunt
1096 1727 1195 1792 uelle
1217 1726 1321 1812 verbi,
1349 1748 1460 1792 mono·

201 1855 299 1896 cxcix
314 1832 477 1916 syllabam
500 1834 797 1918 pronuntiationem
820 1834 993 1918 probatum
1016 1830 1189 1920 ierunt.**)
1226 1832 1327 1898 Velut
1350 1831 1459 1917 Capti-

407 2026 432 2094 ⁸)
457 2027 520 2083 Nisi
542 2027 571 2082 iu
595 2027 640 2082 his
659 2044 736 2082 amos
759 2027 854 2096 (Andr.
878 2027 903 2096 l,
926 2031 952 2096 5,
975 2027 1021 2096 26)
1045 2027 1074 2081 et
1096 2042 1172 2081 mum
1194 2025 1306 2096 (Bacch.
1325 2025 1372 2094 IV,
1391 2033 1417 2095 4,
1436 2033 1460 2084 9.

313 2116 373 2172 ldil.
391 2115 426 2184 Il,
444 2121 470 2184 4,
490 2118 516 2186 9)
535 2118 638 2184 essent,
657 2119 686 2172 et
703 2131 788 2186 snpra
806 2116 893 2184 euim,
912 2114 1011 2170 ceteris
1030 2114 1248 2184 condicionibus,
1268 2114 1369 2184 quibus
1387 2115 1460 2171 hanc

313 2202 458 2259 licentiam
484 2221 568 2275 passa
593 2204 731 2260 vocabula
756 2203 890 2274 astrinxi,
912 2203 986 2259 hanc
1009 2203 1188 2273 adiecissem,
1212 2204 1245 2258 ut
1262 2219 1280 2256 a
1298 2204 1461 2260 consonanti

313 2291 436 2361 incipere
455 2292 556 2349 debere
575 2292 709 2348 dicerem:
728 2293 757 2348 id
776 2292 851 2362 quod
868 2292 898 2347 in
917 2293 1000 2363 longe
1019 2291 1143 2362 plurima
1161 2291 1238 2348 cadit
1255 2291 1390 2363 proiecto.
1424 2291 1462 2348 m

313 2379 421 2449 aliquid
434 2381 552 2437 interest
565 2399 641 2450 saue,
657 2385 751 2438 utrum
770 2385 914 2452 tamquam
934 2381 1035 2450 m'lum,
1055 2382 1131 2449 d'ms',
1149 2383 1248 2448 m'uas,
1266 2384 1353 2448 desere,
1371 2383 1462 2448 s’msd,

314 2472 407 2536 duem,
422 2470 492 2540 c'los,
506 2475 586 2538 s'ror,
600 2475 673 2528 v'ros
686 2470 906 2541 pronuntiemus,
921 2487 957 2528 an
971 2487 1048 2527 cruor
1062 2475 1092 2526 et
1105 2487 1180 2526 erum
1194 2471 1302 2525 etenim
1311 2471 1461 2526 vocabulo-

314 2575 376 2612 rum
384 2561 607 2629 monosyllsbam
618 2559 874 2631 pronuntiationem
888 2560 1080 2630 aliquomodo
1095 2558 1246 2628 imitemur,
1261 2575 1325 2614 cum
1334 2558 1405 2614 haec
1413 2559 1461 2614 vix

313 2648 424 2718 possint
441 2650 532 2720 priore
551 2651 643 2707 vocali
667 2651 769 2708 extrita
790 2651 921 2722 proferri,
945 2650 995 2706 sed
1013 2650 1053 2704 sic
1071 2648 1165 2721 potius
1184 2650 1217 2704 ut
1234 2646 1355 2704 videtur:
1381 2652 1461 2716 sm'r,

313 2740 389 2805 er'm,
407 2740 483 2795 cn'm.
509 2735 614 2796 Verum
628 2739 743 2796 difficile
758 2743 801 2797 est
815 2744 844 2796 et
856 2739 1004 2810 lubricum,
1021 2739 1089 2809 quid
1103 2737 1179 2794 vitae
1194 2738 1365 2794 consuetudo
1383 2739 1461 2793 vete·

313 2843 376 2880 rum
393 2827 512 2896 probare
531 2829 576 2884 vel
594 2829 719 2898 potuerit
731 2829 778 2884 vel
790 2845 848 2884 non
861 2829 992 2899 potnerit,
1011 2827 1122 2898 assequi
1136 2825 1329 2884 ratiocinando
1344 2828 1373 2882 et
1386 2844 1460 2883 com·

313 2913 484 2972 miniscendo
499 2916 579 2972 valle.
591 2949 623 2956 —
635 2917 764 2973 Ceterum
779 2916 968 2987 quaerendum
982 2916 1043 2986 erit,
1060 2935 1126 2971 num
1145 2914 1217 2971 forte
1236 2915 1322 2971 etiam
1339 2915 1375 2971 ad
1388 2917 1461 2972 siue

314 3003 550 3072 praepositionem
570 3006 668 3061 eadem
687 3005 832 3076 ecthlipsis
850 3005 1024 3076 pertinuerit,
1042 3006 1075 3059 ut
1092 3003 1192 3059 Pseud.
1211 3006 1232 3072 Ι,
1251 3011 1276 3073 9,
1297 3011 1361 3059 144:

338 3113 344 3126 ·
423 3093 478 3148 Sed
496 3093 556 3149 sine
575 3097 693 3166 argento
711 3093 846 3162 frdstra's,
865 3093 913 3163 qui
931 3109 976 3150 me
995 3095 1037 3148 tui
1055 3091 1180 3148 misereri
1197 3093 1336 3163 pdstulss:

315 3182 355 3236 sic
379 3181 453 3236 enim
476 3183 516 3238 ihi
539 3183 574 3239 A.
612 3183 685 3238 Nam
708 3183 743 3239 de
771 3182 897 3238 obsoleto
921 3199 948 3238 se
970 3182 1074 3237 frustra
1096 3181 1133 3237 sit
1157 3182 1206 3252 qui
1232 3181 1307 3252 apud
1329 3181 1461 3237 Plautum

314 3269 427 3340 cogitet.
465 3270 591 3343 [Cogitat
613 3271 782 3328 Ritschelius
808 3271 908 3341 Opusc.
928 3270 997 3340 phil.
1016 3271 1056 3324 ΙΙΙ
1073 3289 1099 3341 p.
1121 3276 1186 3337 130;
1204 3271 1233 3324 in
1257 3269 1379 3326 editione
1401 3273 1461 3327 sisse

314 3375 424 3414 summo
442 3359 578 3429 dederat]
611 3359 689 3415 Adde
709 3359 829 3415 Andriae
853 3359 992 3414 senarium
1010 3359 1031 3428 1,
1052 3365 1075 3428 1,
1095 3365 1129 3414 39
1149 3375 1166 3412 a
1184 3359 1251 3414 Siue
1268 3360 1381 3415 ι’νιιιίάία
1399 3361 1460 3416 las·

314 3449 373 3502 ders
392 3448 590 3504 exordientem.
628 3449 750 3515 Quodsi
768 3449 997 3519 probabilitatem
1015 3449 1128 3517 habeat,
1146 3465 1181 3503 ex
1199 3463 1296 3503 eorum
1315 3449 1459 3518 societate,

315 3537 415 3607 quibus
429 3554 514 3608 supra
533 3534 622 3592 (imnis
640 3537 769 3594 vocabuli
788 3539 992 3608 correptionem
1009 3535 1190 3608 probavimus
1208 3555 1235 3607 p.
1245 3551 1353 3594 cnm
1373 3539 1460 3611 [380],

313 3625 370 3684 tria
389 3626 518 3696 exempla
536 3625 627 3696 prima
645 3627 792 3683 eximenda
810 3626 922 3697 fuerint,
941 3627 973 3681 ut
990 3624 1187 3682 necessitatem
1204 3643 1261 3682 non
1279 3626 1421 3684 habentia.

386 3713 428 3784 **)
447 3715 557 3771 Nedum
575 3717 608 3770 ut
626 3716 820 3786 monosyllaba
837 3733 898 3772 esse
916 3733 1031 3786 sepas,
1054 3721 1152 3785 repat
1171 3716 1201 3770 et
1218 3713 1323 3770 similia
1340 3716 1457 3786 possint,

314 3821 387 3875 quse
409 3803 547 3875 liquidam
567 3822 624 3862 non
646 3805 775 3861 habeant
819 3805 863 3861 Its
881 3803 1055 3859 Menaechm.
1075 3802 1109 3870 V,
1133 3807 1159 3872 7,
1177 3809 1211 3858 99
1235 3801 1454 3874 transpositione

316 3911 385 3964 opus
404 3909 464 3950 esse
482 3895 539 3950 iarn
553 3894 671 3950 Bothius
689 3893 839 3965 perspexit,
858 3910 1028 3963 quamquam
1045 3909 1102 3948 non
1115 3909 1178 3947 cum
1196 3893 1247 3948 illo
1264 3893 1290 3948 ss'
1308 3898 1386 3948 tuum
1404 3907 1458 3948 esse

314 3999 397 4053 sepas
415 3999 456 4038 nse
474 3982 668 4040 collocandum
688 3985 738 4052 est,
757 3983 807 4037 sed
826 3983 881 4038 arti
900 3982 1096 4038 convenienter

422 4073 468 4128 Stc
486 4071 546 4128 sine
564 4070 659 4142 igitur,
678 4075 703 4128 si
720 4088 803 4143 ospes
822 4088 868 4128 ms
886 4073 967 4126 thum
985 4088 1054 4142 esse,
1073 4073 1150 4130 abire
1169 4073 1298 4130 liberum.

314 4163 406 4234 Magis
425 4161 531 4218 turbati
550 4177 646 4216 versus
665 4161 745 4231 Cspt.
764 4175 810 4230 m,
830 4167 855 4230 4,
875 4167 909 4214 99
927 4159 1023 4217 nescio
1042 4177 1079 4216 an
1097 4161 1138 4216 sic
1155 4160 1400 4217 reconcinnenturr

421 4252 481 4306 Ten
495 4265 579 4321 sepas
593 4249 753 4320 Tyndarum
772 4257 852 4306 esse?
867 4281 900 4292 —
916 4250 995 4320 Nego
1014 4267 1075 4322 ego.
1092 4282 1123 4291 -
1143 4253 1205 4307 Tun
1224 4255 1254 4307 te
1272 4249 1460 4307 Philocratem

718 4349 723 4364 ‘
1113 4341 1174 4395 esse
1191 4339 1251 4394 ais?
1266 4370 1299 4380 -

422 4414 483 4500 ligo
501 4444 570 4484 nero
588 4427 711 4498 inquam.
733 4458 765 4468 -
785 4427 864 4483 Titne
883 4427 949 4482 huic
967 4427 1076 4484 credis?
1094 4445 1114 4486 e.
1134 4447 1158 4499 p.
1177 4445 1198 4484 s.

316 4516 448 4573 Pseuduli
467 4519 487 4587 1,
506 4525 531 4586 3,
551 4523 636 4586 eosq.
655 4519 732 4572 recte
749 4515 807 4572 ism
826 4515 967 4573 ordinavit
988 4515 1113 4572 Bothius.
1136 4515 1273 4573 Rudentis
1297 4518 1393 4572 autem
1411 4515 1460 4586 Π,
