3318 5072
546 369 811 420 suasorrroms
835 367 1040 417 ecavrrsrs.
1202 399 1206 408 .
1306 354 1370 418 527

228 516 348 582 mentis
370 519 441 582 tum
464 517 499 581 in
522 516 604 600 ipsis
626 515 745 582 fabulis
770 513 926 580 admisso:
959 514 991 578 id
1015 514 1101 598 quod
1123 535 1175 598 ea,
1208 537 1306 601 quam
1330 516 1371 580 ab

226 623 320 689 initio
352 623 618 708 commemoravi,
651 621 925 690 commentatione
959 621 1040 686 satis
1072 643 1130 706 per
1158 621 1287 706 singula
1319 621 1373 686 de·

226 735 426 796 monstrasse
450 730 569 796 videor.
606 729 688 797 Cum
711 729 878 794 Prisciano
902 729 930 792 si
953 728 1047 794 nobis
1071 749 1122 792 res
1146 733 1241 812 esset,
1264 728 1371 794 crede·

227 859 295 902 rem
319 837 459 922 quidvis:
493 837 556 902 hoc
578 859 678 902 unum
702 858 769 902 non
792 835 968 918 crederem,
997 835 1048 900 vel
1072 857 1172 900 unum
1195 837 1316 900 bonum
1339 839 1372 898 et
1388 859 1486 902 ocoxx

227 943 421 1008 concinnum
444 945 638 1010 versiculum
662 943 704 1008 ab
727 963 765 1008 eo
789 964 964 1026 procusum
987 963 1067 1025 esse,
1091 943 1146 1026 qui
1169 941 1289 1006 mixtos
1313 943 1371 1008 sci·

226 1050 304 1116 licet
334 1073 351 1116 e
379 1052 544 1118 trochaico
574 1055 607 1114 et
635 1049 774 1114 iambico
803 1071 938 1114 numero
963 1047 1176 1114 Terentianus
1200 1049 1285 1113 illos·
1298 1071 1372 1115 oon-

225 1181 361 1243 coquere
393 1159 501 1244 potuit
531 1157 645 1224 Adbuc
667 1156 814 1240 Archylis
847 1178 925 1238 qaae
956 1156 1095 1220 adsolent
1122 1175 1257 1236 quaeque
1285 1177 1371 1237 opor·

228 1270 420 1350 meqs

314 1371 354 1436 ln
387 1371 607 1438 didascalia
638 1372 818 1437 Trinummi
854 1392 941 1436 nunc
973 1369 1141 1455 deperdita
1173 1369 1258 1453 quod
1291 1370 1369 1434 olim

226 1478 346 1544 lectum
365 1501 435 1544 esse
459 1479 580 1544 conieci
596 1477 761 1562 Parergon
776 1501 806 1561 p.
821 1477 896 1561 348,
920 1495 1036 1542 rc'rau
1059 1493 1164 1542 uvurs
1188 1494 1372 1542 naerens-

229 1602 325 1650 srevs
349 1607 420 1650 eam
444 1585 589 1651 fabulam
613 1607 699 1668 esse,
722 1585 790 1650 eius
813 1605 865 1648 me
888 1585 1091 1650 coniecturae
1113 1605 1179 1648 non
1202 1584 1371 1668 paenituit.

225 1691 435 1776 Impugnavit
456 1697 566 1758 tamen
587 1715 659 1760 eam
676 1692 848 1758 Eduardus
863 1691 1004 1758 Meierus
1025 1695 1137 1756 noster
1158 1713 1196 1757 co
1213 1713 1372 1756 commen-

224 1798 353 1882 tariolo,
369 1799 460 1864 cuius
475 1821 543 1883 cap.
557 1797 589 1864 II
605 1795 720 1882 [Trin.2
731 1799 830 1883 praef.
840 1820 869 1883 p.
880 1797 973 1880 XIX]
987 1798 1112 1862 mentio
1126 1797 1213 1863 facta
1227 1803 1286 1881 est,
1309 1798 1371 1863 boo

224 1905 353 1988 quidem
375 1909 566 1990 argumento
591 1928 668 1970 usus
692 1906 787 1989 quod,
810 1927 882 1970 cum
906 1926 967 1992 ego
990 1909 1076 1970 reete
1098 1905 1370 1970 demonstrassem

224 2034 283 2078 nec
302 2011 457 2076 Romanis
474 2012 560 2077 ludis
579 2034 637 2077 nec
656 2011 780 2097 plebeis
804 2033 862 2076 nec
883 2011 1130 2095 Apollinaribus
1149 2033 1244 2096 posse
1264 2017 1370 2076 aetam

226 2139 306 2202 esse,
319 2141 385 2183 non
400 2119 596 2203 cogitassem
616 2119 655 2183 de
673 2117 758 2182 ludis
776 2117 977 2184 funebribus.
1005 2117 1155 2202 Cogitavi
1172 2140 1233 2204 ego
1252 2118 1291 2182 dc
1304 2118 1370 2182 illis

226 2223 388 2308 profecto,
416 2224 471 2289 sed
501 2229 537 2290 ut
560 2225 672 2290 alienis
697 2226 739 2290 ab
763 2225 824 2290 hac
848 2227 1045 2310 quaestione.
1091 2225 1278 2308 Eodemque
1301 2223 1370 2288 iure

225 2333 322 2414 atque
353 2331 433 2396 adeo
463 2331 586 2397 maiore
617 2331 680 2396 diei
710 2334 863 2415 potuerat
892 2354 942 2396 me
973 2354 1038 2396 non
1067 2331 1229 2416 cogitasse
1257 2331 1296 2394 de
1324 2331 1370 2394 eis

224 2435 308 2500 ludis
332 2459 411 2522 qnos
436 2437 631 2503 dedicandae
655 2437 743 2503 aedis
763 2459 878 2503 caussa
897 2438 1002 2503 factos
1020 2460 1090 2503 esse
1109 2437 1237 2503 ostendi
1255 2436 1370 2522 p.287.

226 2543 299 2608 296.
350 2542 478 2628 Quippe
510 2545 620 2610 dedita
652 2566 751 2628 opera
783 2545 824 2610 ab
857 2545 1135 2628 extraordinariis,
1168 2544 1280 2628 quales
1313 2563 1371 2626 per

225 2651 365 2715 rariores
389 2651 651 2736 opportunitates
674 2651 743 2716 fieri
766 2657 955 2736 potuerunt,
982 2655 1086 2718 statos
1114 2647 1208 2716 Indos
1232 2650 1370 2715 discrevi

224 2757 279 2840 qui
303 2759 401 2823 certis
424 2759 538 2824 diebus
561 2759 736 2844 quotannis
760 2759 912 2842 redirent,
935 2759 1114 2843 horumque
1133 2758 1276 2822 solorum
1296 2777 1369 2822 con·

225 2867 366 2928 stantem
395 2864 614 2950 frequentiam
644 2865 880 2952 respiciendam
910 2865 1023 2951 putavi
1054 2865 1109 2930 ubi
1141 2886 1206 2929 non
1237 2867 1305 2928 tam
1336 2862 1369 2926 id

227 2975 379 3054 ageretur
402 2977 439 3036 ut
460 2972 672 3038 concludendi
695 2974 889 3039 necessitate
913 2995 1038 3057 verum,
1060 2993 1158 3057 quam
1181 2975 1218 3034 ut
1240 2969 1369 3034 ratioci-

223 3077 323 3143 nandi
352 3078 586 3162 probabilitate
609 3081 748 3144 maxime
772 3079 876 3144 simile
900 3079 967 3142 veri
991 3082 1167 3142 erueretur.
1211 3075 1257 3141 Et
1279 3074 1367 3140 fune·

226 3185 298 3249 bres
328 3184 457 3268 quidem
484 3185 578 3250 Indos
607 3187 695 3269 ipsos
723 3187 873 3270 quotiens
898 3185 1029 3251 omnino
1053 3185 1111 3250 illa
1134 3187 1240 3248 aetate
1263 3181 1368 3246 factos

224 3313 294 3356 esse
323 3291 446 3355 Romae
474 3292 686 3375 putabimus?
732 3290 770 3358 In
798 3294 916 3378 quibus
947 3293 1031 3378 quod
1055 3292 1201 3374 haerere,
1228 3312 1301 3355 cum
1330 3289 1369 3354 de

225 3397 407 3462 fabularum
432 3399 660 3464 commissione
684 3400 857 3484 quaeritur,
880 3401 1035 3484 cogitatio
1060 3403 1171 3465 nostra
1194 3397 1369 3480 consuevit,

226 3503 260 3568 id
283 3505 364 3567 satis
388 3503 546 3587 singulari
569 3525 645 3568 casu
668 3505 819 3572 effectum
843 3505 904 3569 hoe
928 3509 991 3588 est,
1019 3504 1105 3589 quod
1129 3527 1146 3568 e
1170 3527 1225 3569 sex
1248 3502 1368 3568 fabulis

223 3607 428 3674 Terentianis
457 3608 536 3674 duas
564 3609 721 3674 traditum
751 3614 800 3674 est
829 3632 887 3694 per
910 3610 1094 3676 funebrium
1118 3610 1281 3696 ludorum,
1313 3610 1369 3674 sed

224 3715 408 3798 eorundem,
431 3716 634 3782 occasionem
658 3719 747 3782 aetas
771 3738 852 3781 esse.
896 3715 1018 3782 Verum
1046 3718 1080 3781 hi
1108 3718 1176 3784 ludi
1199 3718 1367 3784 recordan-

223 3822 299 3888 dum
327 3827 377 3886 est
405 3821 440 3886 iu
467 3822 557 3888 cuius
585 3822 741 3889 honorem
764 3823 842 3888 facti
867 3822 948 3888 sint:
986 3823 1041 3908 qui
1065 3825 1128 3889 fuit
1150 3824 1183 3889 L.
1208 3824 1367 3889 Aemilius

222 3928 367 4013 Paullus,
390 3929 440 3994 vir
458 3933 491 3993 et
509 3933 704 3996 auctoritate
724 3935 757 3996 et
775 3930 884 4015 gratia
903 3931 1016 4015 populi
1034 3931 1068 3996 in
1087 3931 1199 4014 paucis
1218 3929 1367 4014 insignis,
1382 3953 1493 3994 oooxxr

224 4056 321 4118 quern
345 4036 501 4120 singulari
524 4038 646 4120 pietate
670 4037 708 4115 Q.
731 4037 852 4103 Fabius
876 4041 910 4101 et
931 4036 965 4100 P.
985 4035 1153 4104 cornelius
1178 4037 1236 4101 lilii
1259 4057 1366 4121 prose·

224 4137 291 4206 cuti
315 4147 404 4207 sunt:
441 4141 521 4208 adeo
545 4147 582 4208 ut
605 4144 755 4209 inusitati
778 4145 912 4210 honoris
936 4145 1145 4228 praecipuam
1168 4144 1366 4208 mentionem

224 4248 398 4333 scriptores
422 4248 531 4314 dedita
555 4271 654 4334 opera
675 4250 828 4334 iecerint,
851 4249 1045 4316 Plutarchus
1070 4251 1125 4316 vit.
1149 4249 1240 4315 Aeni.
1264 4271 1290 4313 c.
1314 4249 1366 4332 39,

223 4352 386 4419 Diodorus
401 4355 478 4420 Ero.
498 4379 528 4440 p.
543 4356 608 4421 584
624 4379 678 4440 sq,
702 4355 856 4440 Polybius
880 4356 917 4420 ir.
940 4356 961 4421 I.
975 4355 1110 4440 XXXII,
1127 4359 1177 4422 14.
1219 4354 1278 4421 Sat
1301 4357 1365 4422 usi·

223 4463 312 4526 tatus
341 4483 480 4545 pompae
508 4462 652 4526 funebris
682 4462 833 4546 splendor
859 4463 922 4526 fuit
951 4467 983 4526 et
1007 4463 1115 4528 varius
1140 4465 1364 4546 exsequiarum
