3302 5076
325 402 389 465 676
701 417 934 466 cnrmmscnn
958 418 1085 466 annau.

323 560 358 624 in
386 560 465 625 urbe
493 559 542 623 ita
569 562 697 643 praeter
725 563 848 625 ceteras
876 560 1000 628 radices
1025 561 1105 646 egit,
1129 583 1169 626 ea
1191 563 1228 625 ut
1249 561 1468 646 principatum

325 667 486 751 quendam
510 666 561 732 vel
585 667 728 732 tennerit
751 667 801 732 vel
824 671 948 750 teneat,
972 668 1028 732 sed
1052 667 1150 732 ctiam
1174 667 1306 752 propria
1331 667 1394 732 sibi
1421 689 1470 731 ar·

324 775 537 838 mamentaria
565 777 661 858 atque
689 775 934 858 propugnacula
960 774 1050 858 ipsas
1081 775 1207 838 invenit
1230 773 1469 858 universitates,

324 902 459 965 quarum
483 884 650 964 tamquam
678 881 711 945 in
734 881 808 947 foco
832 884 1044 965 perpetuatae
1068 866 1226 945 salutares
1250 881 1412 946 scintillae
1435 881 1469 946 in

324 1009 362 1051 ea
385 987 511 1052 lumina
533 1007 695 1072 exarsere,
718 1008 800 1072 quae
823 1009 897 1053 cum
919 989 1043 1071 patrias
1067 992 1172 1053 terras
1195 992 1264 1052 turn
1288 987 1397 1072 ipsum
1419 1009 1469 1053 or·

323 1095 397 1158 bem
420 1097 580 1158 terrarum
604 1093 821 1160 illustrarunt.
849 1093 938 1180 Ergo
958 1093 1071 1178 igitur,
1092 1099 1129 1159 ut
1148 1117 1212 1160 uno
1232 1095 1330 1159 verbo
1354 1093 1469 1177 dicam,

324 1200 409 1286 apud
436 1221 497 1265 nos
525 1221 598 1263 cum
627 1199 696 1284 ipse
725 1200 784 1266 flos
808 1204 841 1265 et
864 1201 964 1266 robur
987 1201 1106 1264 artium
1130 1200 1378 1284 litterarumque
1402 1222 1468 1264 non

323 1309 367 1372 sit
391 1329 489 1391 penes
513 1304 708 1390 academias,
732 1306 788 1371 sed
811 1328 911 1391 penes
936 1306 1164 1372 universitates
1188 1309 1222 1372 et
1245 1307 1288 1372 sit
1311 1310 1344 1370 et
1362 1305 1494 1391 fuerit,-

323 1436 519 1498 consequens
549 1417 599 1477 est
626 1416 663 1477 ut
692 1413 733 1478 ad
760 1413 887 1478 litteras
918 1435 976 1478 sua
999 1435 1113 1479 caussa
1135 1413 1285 1478 colendas
1308 1435 1374 1478 non
1398 1435 1470 1478 esse

323 1543 404 1605 opus
439 1520 612 1585 academiis
645 1519 881 1585 concedendum
914 1522 965 1585 sit.
1018 1519 1070 1584 An
1103 1511 1172 1585 ulla
1204 1524 1255 1585 est
1287 1520 1469 1604 disciplina,

322 1651 405 1712 quae
428 1651 500 1693 cum
524 1627 698 1710 pristinam
722 1629 861 1712 speeiem
880 1649 973 1692 suam
992 1648 1030 1692 ac
1049 1627 1209 1692 rationem
1228 1630 1341 1692 nostra
1359 1629 1468 1692 aetate

322 1755 455 1817 prorsus
484 1736 684 1800 mutarit-
715 1739 859 1800 mutasse
888 1739 995 1800 antem
1024 1739 1154 1799 constat
1181 1734 1351 1819 plurimas,
1385 1757 1467 1820 quae

322 1845 390 1905 tarn
418 1841 467 1906 sni
497 1842 672 1906 dissimiles
700 1841 797 1906 hodie
821 1846 1006 1926 evaserunt,
1039 1842 1091 1906 vix
1115 1845 1152 1908 ut
1175 1842 1304 1906 eaedem
1329 1863 1399 1906 esse
1424 1843 1469 1907 vi-

322 1947 459 2014 deantur
482 1987 524 1995 —
549 1950 618 2014 eius
647 1949 777 2034 quidem
806 1949 1038 2014 emendationis
1071 1949 1264 2014 beneficium
1294 1948 1468 2014 academiis

322 2056 529 2138 potissimum
557 2061 726 2140 acceptum
754 2054 896 2120 referat?
942 2053 1045 2121 Sociis
1074 2056 1202 2140 quidem
1226 2055 1467 2121 academiarum

324 2160 472 2243 plurimis
497 2184 534 2228 eo
558 2163 592 2226 in
615 2183 733 2248 genere
757 2162 867 2227 deberi
890 2163 1065 2248 plurimum
1089 2162 1256 2227 fatendum
1280 2167 1331 2228 est
1352 2167 1386 2228 et
1405 2163 1469 2227 lar-

322 2267 476 2350 giendum
502 2269 696 2334 liberaliter:
734 2269 790 2334 sed
818 2268 879 2334 hoc
907 2290 1004 2353 qnam
1034 2273 1147 2334 contra
1170 2275 1316 2335 nostram
1340 2273 1466 2334 senten-

322 2374 401 2436 tiam
434 2373 515 2438 nihil
544 2375 665 2458 valeat,
697 2375 772 2440 ilico
807 2374 970 2440 auditores
1005 2376 1222 2461 perspicietis,
1251 2376 1308 2440 ubi
1336 2375 1465 2440 eosdem

322 2480 395 2544 illos
418 2481 666 2546 universitatum
691 2504 761 2547 essa
785 2483 889 2547 socios
913 2483 1151 2566 reputaveritis.
1183 2482 1253 2566 Age
1278 2483 1372 2566 eninr,
1394 2503 1466 2547 aca-

322 2585 444 2651 demias
468 2587 618 2652 orbemus
638 2609 749 2653 eorum
770 2588 1167 2673 multitudine'soeiorum,
1190 2590 1245 2674 qui
1269 2588 1367 2654 simul
1390 2611 1467 2673 pro-

322 2693 482 2758 fessorum
502 2715 631 2758 munere
651 2695 682 2759 in
703 2717 738 2760 se
757 2699 886 2780 recepto
907 2695 1134 2760 universitates
1154 2700 1285 2760 ornant:
1308 2716 1373 2760 non
1393 2695 1465 2758 sine

248 2821 308 2861 vm
323 2801 495 2866 miratione
514 2801 686 2884 apparebit
704 2802 960 2886 numerantibus,
978 2802 1173 2886 quantillum
1193 2802 1237 2866 sit
1251 2800 1337 2885 quod
1355 2803 1465 2864 restet.

320 2905 395 2972 Non
423 2907 532 2971 nescio
561 2912 712 2993 exempta
736 2929 806 2973 esse
829 2929 868 2972 ex
890 2908 987 2973 huius
1011 2908 1209 2973 condicionis
1232 2907 1465 2973 communitate

322 3013 480 3097 quaedam
503 3014 637 3079 nomina
660 3014 934 3098 splendidissima,
958 3037 996 3079 ac
1018 3018 1147 3098 praeter
1170 3018 1295 3078 ceteros
1319 3034 1384 3078 non
1407 3012 1464 3076 ob-

321 3119 453 3186 liviscor
480 3121 566 3185 illius
595 3121 655 3185 viri
683 3121 890 3204 immortalis,
924 3123 974 3185 cui
1002 3143 1087 3185 nunc
1110 3120 1194 3184 inter
1217 3120 1373 3186 mortales
1396 3140 1463 3183 non

321 3225 483 3292 immerito
516 3228 676 3312 quendam
709 3228 893 3293 litterarum
925 3227 1143 3312 principatum
1176 3226 1300 3291 deferre
1332 3247 1462 3291 venera-

322 3332 430 3397 bunda
453 3337 542 3397 aetas
565 3337 679 3398 nostra
702 3334 794 3398 solet
839 3334 884 3399 Ac
906 3333 940 3397 hi
964 3337 997 3397 et
1020 3355 1153 3398 numero
1177 3337 1253 3398 sunt
1275 3331 1465 3417 paucissimi

226 3453 230 3460 ·
321 3443 354 3502 et
381 3461 456 3504 vero
485 3440 579 3524 tales,
612 3461 694 3524 quos
722 3439 937 3504 certissimum
968 3440 1012 3504 sit
1038 3439 1077 3504 de
1107 3440 1226 3505 litteris
1258 3459 1324 3504 non
1355 3439 1463 3502 minus

321 3547 485 3628 praeclare
509 3547 681 3611 merituros
705 3545 805 3610 fuisse
829 3549 926 3630 atque
949 3545 990 3611 ad
1009 3545 1094 3611 idem
1112 3567 1243 3630 prorsus
1264 3545 1354 3610 velut
1371 3543 1464 3610 fasti·

321 3652 410 3736 gium
433 3652 557 3738 gloriae
588 3674 790 3737 ascensuros,
818 3653 846 3716 si
870 3653 919 3716 vel
946 3652 1028 3718 nulli
1051 3652 1234 3717 academiae
1259 3651 1391 3735 ascripti
1415 3673 1464 3716 es·

321 3762 402 3841 sent,
425 3759 475 3822 vel
500 3757 599 3822 simili
622 3780 659 3824 ac
682 3780 769 3823 nunc
792 3779 864 3822 cum
888 3757 1052 3823 academia
1075 3758 1202 3822 vinculo
1225 3757 1256 3823 h.
1269 3778 1295 3821 e.
1314 3757 1465 3823 liberiore

320 3886 394 3929 cum
430 3865 540 3949 aliqua
576 3865 786 3930 universitate
822 3864 1081 3928 continerentur:
1120 3886 1178 3930 nee
1214 3864 1331 3957 desunt
1367 3865 1464 3948 enim,

320 3993 515 4057 quamquam
538 3972 706 4056 pauciores
730 3971 839 4054 etiam,
863 3969 917 4055 qui
940 3991 1013 4034 cum
1036 3975 1151 4036 neutra
1170 3970 1334 4080 coniuncti
1352 3974 1464 4035 teman

320 4077 359 4141 de
383 4079 548 4144 doctrinae
576 4079 702 4145 artibus
726 4082 759 4141 et
781 4078 863 4141 bene
886 4081 1132 4160 promeruerunt
1155 4081 1187 4142 ot
1210 4076 1281 4141 iure
1304 4075 1463 4142 inclarue-

320 4187 405 4250 runt.
437 4183 506 4250 Nec
529 4184 608 4249 illud
631 4184 756 4270 ignoro,
779 4205 877 4268 quam
900 4183 1018 4249 eximia
1041 4184 1222 4249 litterarum
1242 4187 1464 4268 monumenta,

320 4291 500 4358 coniunctis
524 4292 699 4356 multorum
723 4289 840 4354 studiis
864 4294 896 4354 et
920 4291 1062 4356 consiliis
1080 4295 1205 4376 parata,
1229 4311 1268 4353 ex
1287 4289 1464 4355 academia-

320 4420 392 4462 rum
420 4403 586 4482 tamquam
616 4397 755 4463 officinis
784 4419 856 4461 cnm
884 4397 1064 4482 prodierint
1087 4402 1156 4463 tum
1180 4396 1368 4461 etiamnunc
1389 4417 1465 4480 pro·

320 4503 432 4588 deant,
476 4509 624 4588 sumptus
662 4504 840 4568 liberaliter
877 4504 1008 4570 civitate
1044 4503 1281 4590 suppeditante.
1337 4503 1464 4568 Rursus
