3302 5076
314 423 379 488 640
690 442 922 492 nurnrmscun
948 443 1073 493 annau.

314 584 447 666 cognitu
480 606 546 650 non
579 584 789 650 iniucundum
827 608 843 651 e
876 587 1101 651 communibus
1136 587 1255 652 litteris
1292 591 1456 655 tractaret.

315 689 449 753 lamiam
475 690 542 753 dies
567 692 765 757 constitutus
789 714 859 756 esse
882 693 1030 778 publicae
1053 691 1297 758 sollemnitatis:
1334 692 1457 759 fervere

313 818 384 860 cum
405 796 546 861 oratoris
566 819 647 881 opus
671 803 740 862 tum
764 798 964 864 invitatoris:
988 821 1059 864 curn
1084 800 1230 865 luctuosa
1254 806 1358 866 morte
1381 801 1456 865 Far·

313 903 704 969 nan101GvrnnLn1HI·
732 906 837 971 omnis
868 906 1000 972 illarum
1030 929 1138 972 rerum
1168 906 1315 973 condicio
1347 907 1455 972 subito

314 1015 459 1076 mutatur
478 1011 509 1075 in
530 1012 714 1094 recentique
733 1016 765 1076 et
784 1035 860 1077 vero
880 1013 1030 1100 graviore
1049 1037 1125 1079 casu
1145 1019 1335 1079 cunctorum
1355 1014 1454 1078 animi

311 1117 405 1181 defixi
434 1117 668 1202 aliquantisper
697 1119 848 1204 repositis
872 1123 904 1186 et
927 1121 1039 1186 dilatis
1068 1121 1216 1204 pristinis
1239 1105 1385 1185 consiliis
1408 1120 1455 1184 in-

311 1223 471 1307 tellegunt
500 1224 644 1308 propiori
675 1225 782 1291 officio
813 1227 1078 1292 satislacieudum
1106 1249 1186 1292 esse.
1232 1228 1384 1312 Interim,
1415 1249 1456 1292 ne

313 1327 591 1396 Altensteiuianae
620 1333 793 1398 memoriae
823 1334 924 1399 debiti
947 1333 1086 1400 honores
1110 1334 1211 1400 nimia
1235 1357 1327 1400 mora
1349 1334 1456 1400 tarda-

232 1445 236 1452 '
311 1441 433 1520 rentur,
456 1441 606 1521 coeptum
631 1440 871 1505 commentandi
896 1463 978 1525 opus
1001 1441 1183 1507 continuari
1201 1439 1375 1526 perficique
1394 1441 1457 1504 ius·

313 1562 383 1606 sum
407 1546 470 1608 est:
493 1566 552 1610 nec
576 1545 662 1611 enim
686 1549 811 1612 aestate
834 1547 900 1611 iam
923 1553 1077 1633 vergente
1101 1547 1161 1612 otii
1184 1548 1264 1612 satis
1288 1551 1456 1632 supererat

312 1648 353 1712 ad
380 1649 498 1714 iustam
523 1649 714 1717 Memoriam
741 1653 1022 1738 conscribendam,
1055 1654 1160 1738 qualis
1184 1675 1276 1737 sane,
1308 1653 1336 1718 si
1360 1653 1454 1718 omit

312 1755 427 1820 tendas
455 1757 603 1840 publicae
632 1759 786 1824 orationis
810 1759 988 1826 necessitas
1011 1761 1192 1846 praevideri
1217 1761 1258 1825 ab
1282 1759 1376 1826 initio
1399 1782 1454 1844 po·

312 1863 437 1946 tuisset,
461 1865 605 1930 omnium
625 1867 931 1933 convenientissima
950 1867 1052 1932 videri
1071 1867 1233 1933 debuerat
1263 1865 1316 1932 Sic
1334 1867 1455 1932 factum

313 1973 375 2054 est,
412 1974 448 2034 ut
479 1971 634 2037 levidensi
669 1974 860 2040 documento
893 1974 1036 2039 studium
1069 1995 1107 2040 ac
1134 1974 1334 2040 voluntatem
1363 1995 1454 2038 suam

313 2079 408 2160 grata
432 2075 609 2144 Friderioia
632 2077 808 2146 Guilelmia
830 2080 988 2146 Rhenana
1016 2104 1101 2147 nunc
1129 2085 1282 2165 testetur,
1314 2085 1347 2145 et
1370 2078 1457 2164 quod

278 2209 298 2247 v
314 2205 377 2248 non
402 2185 481 2249 satis
506 2185 639 2270 dignum
663 2186 764 2251 tantis
787 2186 963 2252 virtutibus
988 2209 1058 2252 esse
1082 2187 1237 2271 videatur,
1260 2191 1453 2271 quantarum

313 2289 560 2356 admirationem
583 2292 779 2358 declaraturi
802 2315 921 2360 sumus.
959 2292 1169 2378 Quamquam,
1195 2293 1223 2357 si
1246 2293 1323 2358 licet
1345 2313 1455 2358 verum

313 2397 418 2480 fateri,
440 2419 506 2462 non
529 2402 597 2463 tam
621 2401 773 2484 alienum,
796 2423 894 2484 quam
913 2400 1053 2485 cuipiam
1072 2399 1212 2465 fortasse
1230 2399 1388 2482 videatur,
1411 2399 1453 2462 ab

312 2501 404 2568 Illius
427 2503 634 2587 potissimum
655 2505 727 2570 Viri
750 2507 954 2592 praestantia
977 2507 1089 2572 haberi
1112 2507 1175 2572 hoc
1193 2507 1310 2591 ipsum,
1334 2506 1365 2570 iu
1391 2528 1454 2591 quo

312 2609 559 2696 elaboravimus,
583 2617 811 2696 argumentum
829 2613 940 2678 debet:
962 2611 1222 2698 quandoquidem
1243 2613 1296 2677 vix
1315 2617 1455 2695 exstant,

313 2737 395 2799 quae
425 2739 498 2781 cum
522 2717 614 2783 lllius
646 2719 796 2784 laudibus
826 2719 946 2784 rectius
976 2742 1074 2804 quam
1105 2720 1269 2784 luculenta
1292 2718 1455 2782 Pisistrati

315 2821 555 2909 Ptolemaeique
584 2824 789 2910 Philadelphi
817 2826 965 2911 'exempla
992 2829 1229 2910 comparentur.
1275 2825 1364 2902 Quos
1387 2824 1455 2906 Ille,

314 2929 342 2993 si
367 2930 400 2996 in
423 2931 513 3016 regio
537 2932 608 2998 loco
633 2933 810 2999 collocatus
834 2933 960 3018 fuisset,
984 2933 1070 2998 haud
1095 2933 1162 2998 scio
1183 2955 1225 2998 au
1245 2932 1343 2997 etiam
1363 2953 1454 3015 supe-

313 3042 425 3122 rasset,
453 3039 488 3103 in
510 3039 572 3105 hac
595 3043 719 3123 autem,
750 3061 831 3124 quae
855 3042 884 3104 ei
908 3040 1062 3124 contigit,
1085 3040 1172 3104 vitae
1195 3039 1382 3105 condicione
1406 3061 1453 3104 re·

312 3145 385 3229 giae
414 3147 563 3231 proxima
590 3147 654 3212 dici
677 3150 786 3230 potest
808 3148 990 3212 aemulatus
1014 3168 1084 3212 esse
1107 3146 1311 3212 felicissime:
1343 3147 1454 3210 tantm

313 3235 347 3318 i'n
370 3255 432 3320 lllo
457 3259 528 3320 erat
549 3276 616 3320 non
639 3277 730 3320 amor
752 3258 882 3320 tautum
906 3255 1025 3319 artium
1048 3254 1305 3338 litterarumque,
1328 3252 1384 3317 sed
1404 3251 1454 3315 lit

313 3365 401 3426 terae
425 3361 529 3446 ipsae,
559 3365 652 3426 tanta
679 3361 715 3426 in
743 3361 831 3426 omni
855 3381 972 3446 genere
996 3361 1119 3446 ingenii
1143 3359 1336 3444 liberalitas,
1363 3360 1456 3423 tanta

313 3489 421 3533 rerum
459 3468 786 3534 administrandarum
824 3468 1056 3552 intellegentia.
1120 3465 1453 3549 Circumspicitedum,

314 3575 390 3660 quid
414 3575 458 3641 sit
481 3575 571 3658 illud,
595 3597 652 3640 cur
670 3575 755 3640 inter
773 3575 971 3640 cultissimas
990 3579 1102 3659 gentes
1121 3573 1339 3659 principatum
1358 3591 1456 3656 quen-

314 3681 389 3746 dam
417 3678 633 3746 Borussorum
661 3681 787 3747 civitati
815 3681 1020 3748 consentiens
1048 3702 1110 3745 vox
1138 3679 1289 3764 Europae
1321 3678 1455 3742 tribuat.

314 3786 376 3863 Qui
399 3788 599 3873 principatus
624 3809 696 3853 cum
720 3787 840 3872 duplici
864 3808 979 3874 genere
1003 3787 1220 3852 contineatur:
1248 3806 1385 3870 quorum
1410 3783 1455 3847 al·

313 3899 419 3960 terum
447 3896 482 3960 in
509 3895 692 3960 litterarum
721 3896 866 3979 ipsarum
890 3894 968 3959 flore
992 3915 1030 3958 ac
1053 3894 1169 3958 robore
1192 3892 1349 3974 cernitur,
1377 3891 1456 3954 alte·

313 4022 385 4064 rum
410 4000 443 4065 in
461 4000 666 4065 institutione
686 4000 816 4084 publica
835 4021 892 4083 per
912 3999 1057 4083 singulas
1076 3999 1176 4082 ampli
1195 3998 1324 4083 imperii
1342 4001 1457 4079 terras,

314 4109 423 4190 urbes,
459 4107 592 4191 oppida,
624 4128 727 4192 pagos
755 4107 969 4172 saluberrimo
997 4105 1133 4171 consilio
1160 4105 1375 4190 aequabiliter
1402 4125 1455 4187 pa·

315 4215 416 4280 tentet
449 4214 508 4277 bas
540 4213 619 4278 duas
653 4236 704 4278 res
736 4235 844 4278 nonne
872 4212 1018 4277 videmus
1046 4213 1111 4278 iam
1140 4213 1238 4277 etiam
1273 4215 1455 4275 exterorum

315 4327 531 4406 quotcumque
555 4342 668 4404 sapere
692 4343 726 4384 se
750 4321 875 4404 volunt,
908 4319 1077 4404 admirari,
1104 4318 1302 4400 collaudare,
1333 4315 1455 4381 imitari

315 4450 379 4492 non
403 4428 472 4491 sine
496 4428 606 4512 aliqua
629 4426 771 4492 invidiae
791 4426 1052 4511 significatione?
1075 4423 1174 4491 Cuius
1195 4424 1240 4487 rei
1261 4423 1455 4488 documento

315 4555 378 4598 non
408 4534 527 4596 mobile
555 4538 682 4598 tantum
712 4537 745 4597 et
772 4534 811 4598 ad
842 4532 1053 4617 praestabilis
1080 4553 1226 4616 quaeque
1249 4529 1358 4594 subito
1382 4549 1455 4592 cum
