3316 5070
409 435 481 482 UND
505 435 567 482 DIE
590 435 779 484 nfflrzloren
802 435 1117 485 PLAUTUSSTUDIEN.
1293 417 1335 482 75

405 574 529 630 Blandus
548 591 612 630 cum
630 577 713 646 gieta
731 575 880 632 sedulitate
899 575 987 646 lepos,

348 663 409 718 Nec
427 680 483 718 non
501 662 567 718 diva
584 663 692 734 Venus,
710 681 761 736 per
779 681 864 734 quam
884 664 1015 720 Cicerone
1035 666 1153 720 canente

405 750 506 808 Omnia
524 751 655 808 continuo
674 755 806 824 prompte
822 754 919 809 venire
938 754 1037 810 solent.

350 839 414 896 Non
431 841 518 912 igitur
536 841 661 911 dubites,
680 842 843 898 adulescens
862 843 960 912 chare,
980 842 1133 900 Camaenas

403 929 549 986 Plautinae
568 931 661 986 studio
680 930 855 987 consociatae
872 933 930 998 tuo,

349 1018 510 1090 Inprimis‘)
530 1037 614 1089 quam
631 1019 731 1075 doctus
750 1022 839 1090 amat,
858 1021 903 1076 cui
922 1019 1086 1092 Cistellaria
1098 1037 1209 1089 nomeu,

403 1107 479 1164 Haec
499 1111 542 1164 cst
558 1127 614 1164 nou
632 1107 689 1164 imo
709 1109 903 1165 constituenda
921 1109 997 1178 loco;

350 1197 423 1252 Nam
443 1199 581 1254 memorat
598 1197 706 1252 madidi
724 1199 830 1254 rabiem
849 1200 998 1269 pestesque
1016 1197 1103 1270 Lycei

404 1287 497 1358 Atque
516 1287 684 1358 Cupidineas
702 1288 761 1344 tela
778 1289 925 1345 tremenda
943 1289 1027 1345 iaces.

697 1471 830 1480 ..——..-.

514 1599 538 1648 9.
576 1591 643 1646 Ani
666 1589 819 1647 Plautus'
838 1591 1013 1662 Epidicus.

183 1698 256 1766 (Aue
273 1697 385 1753 ‘Plauti
402 1699 488 1755 Poete
506 1697 673 1769 lepidissimi
690 1698 911 1768 nobilissimique
925 1698 1069 1769 Epidicns’
1085 1697 1209 1768 Leipzig,
1231 1697 1332 1754 Melch.

501 1787 599 1843 Lotter
619 1794 696 1858 1513,
715 1787 767 1844 auf
782 1787 847 1842 dem
866 1786 1026 1858 Titelblstt)

328 1911 389 1966 Viti
408 1912 534 1968 Vnerleri
552 1912 611 1969 Ode
629 1912 660 1968 in
677 1931 734 1983 qua
750 1911 863 1968 libellus
882 1911 1015 1968 lectorem
1034 1909 1196 1980 alloquitur,

407 2036 446 2091 Vt
462 2037 516 2092 hoc
534 2036 680 2108 purpureis
699 2036 826 2108 margine
844 2035 972 2092 formulis

406 2123 535 2179 Ostendit
551 2125 664 2194 titulus,
682 2142 784 2181 nomen
802 2125 921 2196 Epidico

406 2214 438 2268 ln
456 2213 553 2283 primis
571 2213 643 2270 mihi
661 2213 811 2270 Comoedia
829 2214 953 2270 reddidit

407 2304 431 2356 A
450 2303 522 2358 servi
540 2304 634 2360 studio
653 2305 683 2358 et
701 2303 919 2360 condicionibus.

407 2389 486 2456 Quod
505 2391 528 2446 si
546 2391 694 2448 barbarico
713 2392 797 2463 culpe
814 2391 922 2448 librarii

407 2478 513 2536 Ornatu
531 2479 591 2549 (hei
609 2480 708 2551 pudet,
727 2481 785 2552 hei)
803 2497 848 2536 me
867 2480 944 2551 prius
962 2481 1072 2552 extulit,

404 2567 447 2622 En
464 2587 551 2639 nunc,
569 2587 654 2639 quam
672 2569 777 2625 nitidos
796 2586 935 2640 quamque
954 2570 1116 2626 venustulos

405 2655 506 2712 Vultus
526 2657 648 2712 restituit
666 2657 735 2713 lima
753 2658 885 2714 serenor!

405 2744 457 2798 Vel
475 2748 520 2814 tu,
538 2746 664 2816 quisquis
682 2763 725 2816 es,
743 2747 850 2814 inians,
867 2746 990 2816 iuuenis,
1008 2763 1100 2816 senex,

406 2832 542 2904 Linguam
561 2835 610 2904 qui
628 2834 770 2890 Lacialem
790 2833 860 2891 colis
878 2834 969 2903 anxie,

406 2923 467 2989 Qus
483 2924 525 2978 nil
543 2923 688 2994 pulchrius
707 2925 763 2994 est,
781 2923 877 2979 utilius
896 2924 988 2994 simul,

405 3013 466 3078 Qus
482 3013 522 3067 nil
542 3013 650 3069 dulcius
669 3016 714 3070 est
730 3014 826 3084 nilque
845 3013 976 3085 pericius;

404 3102 437 3155 ln
454 3117 576 3156 summa:
594 3101 667 3158 nihil
684 3103 739 3158 hac
757 3103 876 3158 mundns
894 3103 982 3159 habet
999 3119 1077 3159 sacer

403 3190 597 3246 Excellencius
616 3195 666 3247 sut
682 3191 805 3248 nobilius
824 3192 915 3263 magis

404 3280 456 3335 Vel
475 3280 550 3349 quod
568 3279 679 3350 dignius
697 3283 741 3336 est
758 3280 904 3351 discipulis
922 3280 1031 3351 probis;

403 3369 477 3440 Ergo
496 3369 622 3438 quisquis
641 3385 683 3438 es,
702 3370 806 3439 inicus,
824 3370 946 3439 iuvenis,
965 3387 1057 3440 senex,

404 3457 461 3527 Me,
480 3474 598 3528 quaeso,
615 3457 696 3530 vigili
714 3461 808 3514 mente
826 3459 1001 3528 recognitum

404 3546 441 3604 Et
458 3549 549 3604 totum
567 3547 669 3618 cupido
688 3551 801 3618 pectore
821 3548 965 3606 conditum

404 3635 549 3690 Nocturna
566 3651 702 3692 memores
721 3653 789 3690 voce
808 3635 989 3706 frequentius.

405 3722 525 3790 Quidni?
543 3724 629 3779 immo
647 3723 759 3794 penitus
778 3725 905 3780 sensibus
923 3725 1031 3782 intimis

405 3813 450 3868 Me
469 3811 584 3880 condes,
603 3815 653 3868 tua
671 3830 727 3882 quo
746 3812 838 3884 gloria
855 3814 976 3868 nominis

404 3900 535 3970 Attingct
552 3899 637 3956 celeri
656 3899 747 3957 sidera
766 3901 864 3957 limite.

403 3987 521 4059 Narque
540 3991 584 4044 est
601 3991 682 4059 turpe
700 3989 809 4045 homini
826 3993 955 4060 tempora
973 3991 1002 4048 iu
1020 3992 1116 4049 omnia

404 4078 530 4135 Torsisse
548 4077 691 4150 ingenium
709 4095 765 4133 non
783 4078 838 4135 nisi
855 4078 984 4135 inaniter.

258 4259 287 4330 ⁸)
307 4260 354 4330 [ln
371 4259 434 4314 dem
452 4257 624 4314 Mducbeuer
641 4256 791 4326 Exemplar
810 4256 899 4312 dieses
917 4257 1042 4314 Druclses
1060 4259 1123 4325 hat,
1141 4231 1195 4314 um*
1208 4261 1263 4316 deu
1280 4281 1330 4318 uu·

181 4347 374 4422 glficklicheu
398 4347 580 4417 Heptameter
603 4364 636 4401 zu
657 4345 765 4414 heilen,
787 4345 904 4416 jemand
922 4347 1057 4416 Inprimis
1085 4347 1332 4420 durchgestrichen

176 4437 243 4493 und
262 4435 315 4492 En
333 4452 370 4489 su
389 4434 442 4492 den
460 4433 542 4492 Bsnd
558 4435 750 4508 gerchricbeu.
787 4434 816 4490 C.
835 4435 893 4506 W.]

695 4601 828 4611 m..
