3332 5074
317 427 383 492 426
605 443 865 492 Pronnoonaun
887 443 934 490 nn
947 443 1167 492 aar10u1avs

318 609 379 672 quc
403 588 502 653 etiam
524 587 652 651 hiatum
675 586 847 652 admittere
872 587 902 651 h.
923 610 949 651 e.
973 607 1045 651 eum
1068 586 1102 651 in
1125 587 1238 652 mediis
1263 588 1460 652 tetrametris

317 694 465 760 iambicis
489 698 523 759 et
545 695 771 779 anapaesticis,
800 694 878 759 item
907 693 942 758 in
969 693 1148 780 creticis*),
1175 698 1245 759 tum
1268 694 1461 780 ubicumque

317 801 434 868 fortior
460 802 678 888 interpunctio
708 799 786 888 (quo
813 805 923 886 potest
950 800 1049 866 etiam
1077 802 1268 868 exclamatio
1292 804 1463 888 pertinere,

317 908 371 973 sed
385 929 589 993 nequaquam
605 908 769 994 quaelibet
788 909 978 974 exclamatio
997 908 1161 995 pertinet),
1179 909 1369 993 praesertim
1390 930 1461 974 eum

315 1036 526 1098 personarum
550 1013 729 1079 mutatione
753 1015 938 1098 coniuncta,
967 1037 1102 1098 pausam
1133 1015 1202 1080 fieri
1229 1015 1461 1100 pronuntiandi

317 1121 384 1185 sive
411 1120 502 1186 iubet
531 1122 598 1186 aive
626 1121 759 1206 patitur.
805 1121 898 1187 Vnde
921 1120 1121 1206 intellegitur
1144 1143 1210 1186 non
1234 1125 1305 1185 tam·
1325 1122 1365 1187 ad
1388 1144 1461 1208 pro-

316 1227 479 1292 sodiacam
508 1229 687 1293 doctrinam
715 1228 776 1294 hoc
805 1233 948 1312 spectare
972 1251 1070 1315 quam
1093 1229 1133 1293 ad
1156 1229 1261 1313 ipsam
1285 1229 1461 1294 metricam.

317 1333 418 1401 Velut
440 1335 622 1401 Trinummi
645 1358 674 1400 v.
699 1335 773 1401 584.
796 1335 874 1402 586:

157 1475 298 1518 cnxxxvr
405 1456 490 1522 Nam
519 1460 673 1524 ce'rtumst
697 1459 765 1524 sine
793 1459 868 1524 dote
891 1460 978 1524 hand
1005 1456 1145 1547 dore.**)
1192 1459 1252 1527 ST.
1280 1462 1358 1546 quin
1384 1465 1421 1525 tu
1449 1459 1463 1526 i

956 1566 1061 1633 md.

407 1672 514 1738 Meam
537 1673 789 1759 neglegentiam.
813 1671 874 1739 ST.
897 1671 911 1737 ι’
932 1588 1116 1740 maduoLE.
1139 1674 1230 1739 nullo
1256 1674 1361 1740 modo.

317 1795 387 1873 Quo
420 1797 478 1862 illa
515 1819 641 1884 quoque
674 1798 823 1883 exempla
856 1797 974 1880 refero,
1010 1798 1043 1863 in
1077 1799 1193 1883 quibus
1227 1799 1255 1864 si
1287 1798 1463 1865 illiusmodi

317 1903 464 1988 syllabas
494 1925 553 1989 pro
588 1904 739 1969 brevibus
770 1905 976 1988 haberemus,
1008 1904 1100 1969 valde
1130 1905 1261 1991 ingrata
1291 1905 1463 1990 diremptio

223 2059 228 2066 .
318 2010 476 2076 tribrachi
498 2011 604 2094 fieret,
626 2015 664 2075 ut
687 2033 715 2076 v.
739 2012 813 2076 941.
840 2011 939 2076 1179τ

408 2131 474 2198 sub
499 2134 582 2200 solio
606 2135 717 2200 Iouis?
745 2133 808 2200 SY.
831 2135 878 2200 ita
900 2135 980 2200 dico.
1010 2134 1077 2201 cfl.
1102 2157 1118 2200 e
1142 2136 1255 2202 cae‘lo?
1279 2135 1341 2202 ΒΥ.
1366 2140 1462 2220 atque

956 2264 973 2306 e
996 2242 1102 2307 medio
1126 2242 1263 2326 quidem.

407 2345 485 2424 Quis
509 2348 543 2412 id
565 2350 634 2414 ait?
658 2349 724 2414 LY.
747 2369 816 2434 ego.
839 2348 905 2414 LE.
924 2353 983 2414 tun
1002 2348 1136 2414 uidisti?
1159 2347 1225 2414 LY.
1244 2353 1278 2413 et
1294 2353 1365 2414 tdte
1383 2349 1461 2415 item

955 2455 1066 2521 uideas
1089 2455 1174 2520 licet.

319 2580 462 2657 Quorum
485 2602 636 2646 versuum
665 2581 806 2664 priorem
829 2603 896 2647 non
920 2582 987 2645 sine
1011 2601 1136 2645 summo
1161 2580 1342 2666 elegantiae
1365 2580 1463 2645 detri-

319 2691 427 2753 mento
452 2688 497 2752 sic
521 2687 689 2753 dimetiare
712 2710 777 2752 una
800 2689 927 2772 syllaba
951 2691 1094 2754 auctum:

407 2828 474 2895 Sub
510 2829 591 2894 solio
621 2829 738 2895 Ionia
760 2829 806 2895 ita
836 2830 920 2895 dico:
955 2851 972 2893 e
1002 2828 1146 2894 caeldne:
1181 2832 1278 2914 atquc
1309 2851 1326 2894 e
1357 2829 1461 2894 medid

955 2936 1093 3020 quidem.
1117 2971 1159 2982 —-

317 3077 386 3145 Aut
407 3079 488 3145 talia
512 3085 620 3145 antem
643 3080 694 3145 vel
718 3083 871 3165 cognata,
895 3083 951 3144 aut
974 3082 1135 3162 corrupta,
1159 3099 1240 3164 quae
1265 3078 1365 3144 allata
1388 3079 1461 3162 vidi,

317 3190 393 3251 sunt
411 3186 529 3250 omnia.
562 3186 646 3263 Quid
665 3186 749 3250 enim
774 3187 891 3251 mirum
915 3186 999 3252 siin
1022 3185 1163 3251 centenis
1187 3184 1331 3250 versibus
1350 3184 1461 3250 multis

317 3291 422 3357 modis
450 3292 611 3376 corruptis
640 3291 834 3376 aliquotiens
862 3292 1044 3378 corruptela
1072 3291 1171 3356 etiam
1199 3313 1236 3357 eo
1270 3291 1387 3378 valuit,
1422 3296 1460 3357 ut

172 3447 190 3468 2
316 3399 448 3464 brevem
472 3420 531 3483 pro
559 3398 659 3484 longa
682 3398 810 3484 syllaba
832 3398 956 3463 librarii
980 3398 1159 3464 inferrent?
1204 3397 1249 3462 Et
1271 3399 1461 3483 plerumque

316 3509 384 3568 tam
414 3508 465 3570 est
487 3507 639 3588 prompta
662 3508 759 3588 atque
783 3504 912 3570 evidens
937 3504 1132 3590 emendatio,
1156 3509 1192 3570 ut
1215 3505 1329 3569 mirere
1353 3526 1461 3590 quem·

318 3634 415 3696 quam
437 3611 549 3697 fugere
573 3613 728 3696 potuisse.
774 3611 874 3678 Velut
897 3635 969 3678 cum
994 3609 1085 3696 Capt.
1108 3613 1190 3697 prol.
1214 3613 1233 3676 9

404 3753 552 3839 numque
576 3752 651 3820 lfao
678 3756 868 3840 profugiens
892 3755 1037 3820 nennius
1060 3755 1094 3819 in
1118 3729 1212 3819 lure

317 3899 445 3983 egregie
468 3895 630 3962 Beckerus
654 3899 692 3962 de
716 3921 796 3964 com.
821 3895 913 3962 Rom.
931 3897 996 3962 fab.
1014 3918 1046 3981 p.
1069 3898 1130 3962 108
1155 3897 1349 3962 emaculavit
1371 3918 1461 3962 revo-

316 4008 389 4070 cato
412 4025 525 4069 unarum
552 4005 647 4087 dedit,
674 4003 759 4088 quod
788 4003 937 4068 similiter
965 4026 985 4067 a
1011 4003 1155 4070 librariis
1180 4004 1387 4069 obscuratum
1410 4008 1461 4068 est

316 4115 413 4194 atque
437 4110 517 4174 alibi
539 4111 645 4175 tenire
666 4131 725 4192 pro
747 4129 861 4174 uenam
883 4111 930 4174 ire
952 4110 1203 4176 substituerunt:
1226 4108 1259 4174 id
1278 4110 1363 4194 quod
1386 4109 1459 4175 sub-

420 4289 430 4356 )
450 4285 510 4352 Quo
528 4284 672 4356 pertinent
685 4284 720 4338 de
734 4284 801 4338 mita
815 4291 863 4355 epo
879 4287 908 4341 et
922 4285 1061 4341 similibus
1077 4301 1162 4356 supra
1175 4285 1320 4356 disputata
1339 4301 1366 4356 p.
1380 4297 1460 4340 um

330 4379 346 4425 4
427 4419 433 4431 .

317 4373 501 4618 [d12{⁸lb]][lle
526 4463 603 4517 houd
630 4479 670 4517 me
698 4463 765 4518 dure
792 4479 855 4517 cum
882 4465 1044 4520 Hermanno
1071 4461 1242 4518 Ritschelius
1269 4462 1407 4533 cogitavit
1431 4461 1460 4516 in

316 4549 425 4602 e.at.
