3266 5070
415 401 486 448 oro
510 400 571 448 mu
596 399 781 448 namurcen
803 399 1123 448 eunouossruoruu.
1297 383 1338 447 ol

195 539 268 594 mihi
285 542 345 594 lem
364 541 496 596 acerbum
513 540 580 610 init,
608 543 640 595 ut
665 540 760 596 multis
778 540 858 596 anuis
877 539 981 596 nullius
1000 538 1120 595 hominio
1137 538 1279 609 digressus
1296 554 1341 594 me

195 628 412 685 discruciaverit
429 628 551 700 gravius.
589 629 679 687 Video
697 630 794 686 tamen
812 647 875 684 curn
893 629 944 684 illc
964 629 1069 699 optime
1088 629 1191 697 actum,
1211 627 1286 696 quod
1305 627 1341 682 ab

194 718 252 774 hcc
269 717 383 774 saeculo
401 735 458 774 nou
476 717 568 774 minus
581 719 719 774 scelerato
738 734 822 788 quam
846 735 1009 774 aerumnoec
1028 717 1066 773 sit
1089 717 1172 788 plane
1187 719 1341 788 exemptur.

269 826 375 882 Rumor
393 825 462 882 item
480 825 556 896 apud
573 842 623 881 nos
641 825 725 896 louge
743 825 856 896 lateque
875 843 988 896 sparsus
1003 825 1054 894 est,
1073 823 1158 879 etita
1171 840 1292 895 marsus,
1310 826 1344 879 ut

196 931 254 970 uon
272 931 372 985 parum
390 914 487 970 multis
505 915 588 970 fidem
606 914 664 969 iam
682 931 794 984 qaoque
811 915 922 984 iecerit,
940 913 1067 970 Vlrioum
1085 913 1254 982 Hottennm,
1276 929 1342 969 vere

196 1002 322 1059 nobilem
340 1002 482 1072 iuvenem,
506 1004 536 1057 et
552 1003 626 1060 hunc
645 1020 756 1073 quoque
775 1001 848 1058 diem
868 1020 947 1059 saum
967 1002 1077 1059 obiisae.
1115 1001 1220 1069 Quodsi
1237 1019 1283 1058 res
1301 1001 1343 1058 ita

197 1092 285 1148 babet
307 1092 391 1160 (solet
412 1090 486 1147 cuim
504 1108 704 1161 nonnunquam
721 1108 816 1147 rumor
834 1093 864 1146 et
882 1091 990 1148 variare
1008 1093 1039 1147 et
1056 1104 1175 1162 sugere,
1201 1091 1275 1160 quod
1293 1107 1342 1162 ge-

198 1183 274 1236 stum
292 1182 354 1252 est),
374 1181 455 1237 doleo
476 1179 548 1236 illud
566 1181 724 1254 ingenium,
750 1182 829 1236 illam
847 1181 878 1236 iu
895 1182 1014 1250 atroque
1033 1181 1143 1236 dicendi
1161 1197 1264 1252 genere
1282 1179 1342 1236 leli-

198 1287 261 1326 cem
282 1287 383 1326 renam
407 1271 467 1325 tam
485 1270 636 1326 immaturo
654 1270 772 1326 interitu
789 1270 933 1328 defecisse.
970 1271 1015 1324 Ita
1037 1269 1099 1326 dira
1121 1269 1175 1326 isti
1192 1270 1343 1326 necessitas

198 1359 308 1430 optima
331 1377 457 1430 quaeque
481 1359 612 1429 demetit,
638 1359 780 1432 peioribus
803 1376 891 1429 usqae
909 1359 953 1416 ad
975 1359 1100 1415 taedium
1123 1359 1236 1416 relictis.
1279 1358 1344 1414 Fuit

197 1447 270 1502 mibi
292 1465 356 1504 cum
378 1446 492 1504 homine
514 1465 571 1503 non
588 1445 726 1519 vulgaris,
749 1465 840 1515 neque
859 1447 972 1502 omuino
990 1463 1064 1503 nova
1082 1447 1272 1516 familiaritas,
1299 1449 1343 1504 ut
1357 1467 1398 1508 rae

198 1537 266 1608 pote
292 1535 325 1591 in
346 1536 474 1608 Lipseusi
501 1537 569 1594 olim
591 1536 736 1608 gymnasio
759 1552 816 1591 nou
841 1535 1002 1606 penitendis
1028 1535 1162 1606 auspiciis
1190 1538 1343 1606 contracta,

197 1624 247 1680 ubi
272 1642 338 1693 qum
359 1625 420 1679 illic
443 1625 667 1682 adulescentulus
689 1625 777 1679 ferme
800 1625 887 1680 bonas
911 1625 1021 1680 litterae
1044 1641 1101 1679 nou
1120 1624 1234 1680 omnino
1252 1624 1344 1682 iuleli·

198 1714 271 1768 citer
287 1715 475 1784 profiteretur,
493 1713 534 1768 ita
551 1713 623 1768 mihi
642 1713 732 1785 primo
752 1711 847 1769 statim
867 1714 952 1784 gustu
969 1712 1089 1784 placuit,
1118 1713 1150 1768 ut
1167 1731 1247 1784 rpem
1265 1713 1343 1772 illico

198 1801 234 1855 de
262 1801 376 1857 bomine
405 1802 581 1871 conceperim
609 1803 639 1858 et
661 1800 785 1873 amplam
810 1803 840 1856 et
864 1817 964 1857 raram.
1002 1801 1079 1856 Vitio
1103 1800 1148 1856 illi
1173 1803 1344 1872 vertebatur,

198 1890 275 1958 quod
296 1889 425 1946 acerbius
447 1907 647 1960 nonuunquam
675 1890 832 1961 scripserit,
860 1891 935 1960 qaod
962 1890 1087 1946 convitia
1109 1890 1239 1946 convitiis
1262 1909 1344 1948 aceu-

197 1979 364 2051 mulaverit,
389 1980 464 2050 quod
486 1980 634 2051 plerosque
657 1981 841 2036 insectaretur
866 1978 931 2034 odio
956 1978 1121 2050 plusquam
1146 1978 1264 2050 tragico.
1302 1980 1345 2036 Sit

197 2069 247 2124 ita
286 2069 342 2124 Sed
360 2071 542 2140 provocatus,
570 2068 619 2124 sed
636 2067 759 2138 iuvenis,
782 2068 905 2124 sednon
923 2066 979 2122 nisi
997 2065 1107 2136 quande
1127 2067 1250 2124 celemus
1269 2069 1343 2125 inea

196 2157 304 2228 luerat,
332 2175 387 2228 qua
409 2159 505 2214 tamen
526 2173 557 2212 re
580 2157 722 2213 neminem
744 2155 845 2212 maiori
869 2173 953 2226 quam
977 2171 1006 2210 ee
1029 2156 1122 2226 ipsum
1145 2158 1283 2226 gravabat
1304 2159 1344 2214 iu·

197 2245 282 2302 vidia
310 2246 340 2301 Si
358 2244 389 2298 id
407 2245 508 2300 vitium
527 2247 578 2315 est,
596 2246 683 2301 babet
700 2245 730 2299 id
749 2262 812 2299 cnm
826 2245 922 2300 multis
937 2260 1091 2299 commune.
1119 2245 1183 2300 Non
1197 2263 1344 2316 possumus

199 2349 295 2390 omnes
315 2333 457 2389 Christum
475 2338 506 2390 et
522 2335 679 2404 principem
697 2335 727 2390 et
744 2334 888 2390 doctorem
906 2337 1033 2390 nostrum
1050 2333 1166 2402 referre,
1191 2335 1239 2404 qui
1257 2338 1342 2392 male-

199 2423 358 2478 dicentibus
381 2440 438 2479 uon
460 2421 584 2479 vicissim
606 2422 768 2492 maledixit,
794 2423 842 2478 sed
865 2439 916 2492 pro
939 2421 1050 2494 probris
1074 2423 1255 2481 amanrleutis
1273 2426 1344 2482 saln-

198 2513 290 2567 tarem
312 2511 394 2567 uobis
418 2511 574 2567 doctrinam
596 2511 734 2586 rependit.
771 2511 918 2580 Vtounque
938 2511 987 2579 sit,
1013 2512 1119 2568 umbris
1137 2512 1214 2569 illius
1232 2517 1345 2570 tenuem

200 2617 233 2656 sc
252 2600 313 2656 sine
332 2600 454 2671 pondere
472 2601 577 2656 terram
595 2603 675 2671 opto,
699 2599 892 2670 spirantesque
911 2616 1007 2656 crocos
1030 2601 1060 2656 et
1081 2599 1190 2672 reliqna
1207 2619 1279 2672 quae
1302 2619 1344 2660 se·

200 2692 332 2758 quantur.
1124 2701 1128 2709 '

270 2814 326 2868 Vix
349 2811 451 2883 credis,
479 2811 618 2869 Bilibalde
640 2813 694 2883 mi,
723 2830 807 2884 quam
831 2831 877 2870 me
899 2816 1000 2870 borum
1023 2817 1182 2886 temporum
1207 2817 1345 2874 tumultus

202 2903 355 2960 offendant.
386 2901 408 2957 0
428 2899 469 2956 dii
487 2902 619 2972 deaeque,
638 2919 710 2971 quae
728 2903 841 2959 insanae
858 2906 954 2959 versat
972 2902 1113 2959 discordia
1131 2907 1250 2960 mentes!
1269 2904 1345 2961 itane

201 2991 312 3048 animus
335 3007 469 3062 praeceps
491 3007 641 3060 peremne
661 2989 797 3047 relabitur
814 2991 942 3048 lacinus?
965 2993 1041 3048 itane
1060 2992 1148 3048 veluti
1167 2994 1259 3049 furore
1278 3012 1344 3065 quo-

201 3082 266 3136 dam
285 3078 387 3151 perciti
403 3079 434 3133 in
452 3095 646 3150 quemcunque
666 3079 779 3135 obvium
798 3084 913 3152 repente
928 3098 1032 3137 cornua
1046 3080 1235 3138 obvertimus?
1254 3100 1345 3140 noune

200 3170 272 3225 muti
294 3166 349 3223 tubi
373 3166 505 3223 videntur
527 3167 694 3224 Germaniae
712 3171 825 3225 nostrae
844 3169 997 3242 principes,
1026 3169 1074 3240 qui
1093 3169 1165 3225 tales
1184 3188 1276 3228 rerum
1295 3175 1345 3228 bu·

200 3275 347 3313 manarum
365 3259 460 3328 pestes
478 3256 557 3313 taciti
577 3261 704 3328 spectare
722 3261 858 3329 possunt?
893 3259 954 3330 Ego
981 3277 1048 3329 qum
1067 3257 1151 3314 audio
1169 3260 1227 3315 illis
1246 3279 1344 3317 manns

201 3349 375 3418 amputatas,
402 3347 453 3402 hoe
476 3345 667 3402 crudelissime
691 3346 797 3403 occisos
816 3348 954 3418 deumque
972 3347 1174 3418 bominumque
1193 3349 1274 3404 iidem
1294 3351 1345 3406 irn-
1359 3371 1398 3410 eoa

200 3437 328 3508 plorare,
355 3437 424 3507 quid
447 3434 525 3492 aliud
549 3435 728 3508 cogitandum
753 3439 808 3508 eet,
835 3455 919 3507 qaam
938 3437 1041 3492 Marios
1061 3436 1209 3508 Syllaeque
1228 3441 1263 3495 ab
1282 3439 1345 3495 imis

201 3526 314 3582 Tartari
331 3525 444 3582 oedibus
463 3527 595 3581 evocatos
615 3533 693 3581 eese?
720 3525 871 3596 Pompeius
889 3525 994 3582 inires
1012 3526 1079 3584 hinc
1098 3527 1175 3597 furit,
1193 3529 1259 3584 hino
1278 3528 1344 3586 Cae·

202 3634 247 3671 sar
269 3632 373 3672 vesano
396 3615 558 3671 accenditur
582 3611 655 3684 igue.
692 3614 743 3670 Est
764 3617 846 3670 tanto
865 3614 1120 3672 crudelissimorum
1138 3615 1283 3672 hominum
1303 3635 1344 3673 se·
1385 3688 1388 3694 Ι

202 3704 288 3774 vitia,
315 3705 348 3759 at
370 3721 421 3775 pro
445 3721 496 3759 sua
518 3701 649 3772 libidine,
678 3721 733 3774 qua
751 3704 781 3759 in
799 3722 924 3776 quosque
943 3705 1040 3762 obvios
1059 3709 1235 3776 grmsmrur,
1263 3705 1344 3761 satie-

202 3795 308 3850 iactum
328 3791 383 3849 eibi
401 3810 578 3862 nequaquam
596 3795 736 3863 potarent,
756 3793 811 3849 nisi
830 3797 857 3863 (o
872 3811 930 3849 rem
945 3794 1113 3866 indignaml)
1132 3794 1163 3849 iu
1180 3794 1346 3850 miserarum

204 3884 432 3939 muliercularum
456 3881 614 3938 miserrime
636 3883 802 3953 corpuscula
824 3900 935 3953 quoque
958 3883 1090 3940 sevirent.
1131 3883 1168 3939 Et
1190 3883 1269 3938 videt
1290 3883 1346 3940 iota

203 3972 283 4040 deus,
306 3988 360 4026 uec
378 3969 498 4025 fulmina
516 3973 631 4040 torquet
648 3971 685 4026 ab
702 3973 773 4028 eltol
811 3973 898 4028 Irasci
915 3973 1028 4043 quando
1046 3972 1147 4028 iustius
1166 3971 1215 4028 ille
1233 3973 1345 4042 potest?

203 4059 247 4116 Sic
265 4061 331 4122 odio
349 4059 415 4130 plue
434 4076 518 4128 quam
538 4057 690 4116 Vatiniauo
708 4062 920 4132 tumultuamur,
941 4063 1021 4131 quasi
1038 4065 1164 4118 extrema
1182 4062 1262 4117 nobie
1281 4077 1345 4131 spes

202 4149 230 4204 in
252 4167 286 4206 eo
311 4147 350 4203 sit
373 4146 526 4215 collocata,
555 4151 702 4205 ettamen
724 4167 788 4218 qum
808 4151 879 4206 baec
897 4150 1020 4222 ammos,
1047 4151 1171 4221 perbelle
1191 4148 1344 4205 Christiani

202 4239 283 4296 nobis
301 4237 439 4306 videmur,
458 4237 538 4306 qnasi
556 4237 627 4292 haec
644 4239 739 4293 nostra
756 4237 858 4310 religio
875 4240 959 4312 longe
978 4239 1126 4309 quiequam
1146 4237 1223 4294 aliud
1238 4236 1343 4292 deside-

202 4331 244 4384 ret
262 4325 353 4398 magis
379 4342 465 4394 qaam
490 4323 680 4395 concordiam,
708 4343 764 4396 qua
782 4325 844 4382 sols
862 4329 975 4384 sublata
994 4325 1149 4382 Christiani
1166 4341 1222 4380 non
1241 4342 1344 4382 sumus.

203 4415 302 4473 Libens
322 4416 378 4471 boc
397 4415 460 4470 loco
479 4413 601 4485 ipsemet
618 4413 689 4469 mihi
707 4415 881 4486 temperabo,
898 4433 934 4471 ne
952 4416 981 4470 in
996 4414 1136 4485 principes
1151 4413 1345 4470 immodestius

203 4505 268 4577 quid
286 4505 459 4576 proferatur,
483 4521 551 4572 qum
570 4501 655 4558 sciam
676 4521 733 4559 uon
750 4520 810 4560 esee
828 4523 888 4560 rem
905 4502 1056 4572 ludicram,
1083 4519 1147 4559 cum
1166 4505 1232 4560 love
1250 4501 1345 4574 iocari,

1099 4593 1132 4647 ὁ*
