3332 5074
302 413 367 478 444
591 427 848 477 puonseousua
871 428 918 476 ns
943 428 1154 476 ussromsvs

302 574 335 635 et
356 570 422 636 VII
450 575 698 656 composuimus.
745 571 816 647 Quo
845 575 973 656 practer
997 571 1061 636 alie
1084 570 1165 635 adde
1182 570 1340 653 plaudete
1362 571 1445 654 [plu-

301 679 387 743 cided
408 675 522 760 Triu.²]
551 679 587 742 ln
610 677 804 744 mbendcoto
831 700 892 762 pro
910 678 1034 761 plaicide
1052 681 1087 743 in
1110 677 1304 743 meamne
1327 701 1356 742 v.
1381 677 1444 742 726

301 784 562 850 commendatum
586 808 617 870 p.
640 802 747 850 nxxm
771 786 874 866 [338].

771 1087 882 1136 csrvr
905 1069 976 1134 XV.

388 1229 590 1296 Difficillime
619 1231 761 1294 omnium
791 1229 903 1294 haberi
927 1251 965 1295 ca
989 1231 1136 1317 quaestio
1160 1231 1257 1312 solet,
1289 1232 1445 1314 quaeest

300 1338 338 1403 de
362 1341 544 1403 accentus
568 1337 738 1401 verborum
763 1359 833 1400 oum
853 1357 1061 1402 numerorum
1080 1337 1262 1401 rationibus
1281 1335 1443 1402 consocia-

299 1445 397 1510 tione.
443 1443 492 1509 De
516 1466 580 1527 qua
603 1443 664 1508 etsi
688 1441 769 1506 mihi
792 1443 901 1507 videor
924 1443 972 1507 ita
994 1443 1159 1528 disputare
1182 1465 1279 1527 posse
1303 1445 1352 1524 ut,
1375 1442 1444 1526 qui-

202 1577 285 1618 ecvn
299 1552 360 1615 bus
385 1573 404 1628 a
426 1549 593 1634 principiis
617 1550 763 1634 profecta
785 1551 967 1634 quibusque
991 1571 1010 1614 a
1032 1550 1157 1614 caussis
1176 1553 1255 1614 nata
1273 1548 1313 1614 ad
1333 1570 1443 1613 earum

300 1657 409 1742 legum
438 1657 655 1722 constantiam
685 1678 736 1720 ers
765 1656 824 1721 illa
852 1662 1022 1741 poetarum
1045 1676 1219 1742 progressa
1242 1655 1299 1739 sit,
1328 1655 1444 1741 quibus

299 1767 405 1829 totum
423 1763 485 1830 hoc
505 1784 607 1849 genus
628 1762 829 1828 admirabilis
849 1763 1077 1828 concinnitatis
1096 1763 1231 1848 regitur,
1253 1763 1444 1847 planissime

299 1866 560 1955 intellegatur*):
592 1874 703 1935 tumen
732 1870 871 1955 emplius
899 1871 931 1935 id
962 1870 1024 1935 sibi
1049 1870 1190 1955 spatium
1215 1870 1321 1954 poscit
1344 1892 1442 1954 quam

298 1976 384 2060 quod
409 1977 482 2041 huic
505 1977 548 2040 sit
570 1976 765 2060 praefationi
789 1999 986 2042 concessum.
1029 1978 1144 2062 Itaque
1172 1975 1235 2040 huc
1259 1976 1337 2042 olim
1362 1977 1443 2041 redi·

298 2089 389 2148 turus
417 2105 502 2148 nunc
530 2082 709 2167 singularia
732 2088 861 2148 tentum
884 2083 1042 2168 quaedam
1065 2086 1213 2169 tangam,
1242 2105 1378 2167 quorum
1402 2082 1443 2147 ad

298 2191 402 2274 ipsam
434 2189 577 2254 criticam
608 2189 822 2254 factitandum
849 2189 960 2274 paullo
992 2190 1122 2274 gravius
1151 2194 1365 2254 momentum:
1403 2191 1443 2255 ad

299 2317 400 2381 genus
428 2296 614 2360 uuiversum
644 2300 731 2360 recte
760 2296 977 2362 definiendum
1009 2297 1214 2379 paucissimis
1245 2297 1442 2382 praemissis.

298 2401 439 2467 Omnino
468 2403 552 2466 enim
588 2401 670 2467 nihil
699 2425 769 2468 esse
797 2403 912 2468 falsius
940 2407 1052 2487 potest
1079 2427 1178 2489 quam
1207 2403 1293 2488 quod
1324 2405 1442 2468 veteris

300 2509 384 2573 Latii
412 2508 667 2593 posteriorisque
694 2511 811 2574 aetatis
839 2510 1001 2592 poeticam
1026 2510 1073 2574 ila
1096 2509 1158 2575 sibi
1182 2510 1320 2574 invicem
1343 2532 1442 2595 oppo-

296 2620 389 2700 nunt,
412 2620 450 2681 ut
472 2615 555 2680 hanc
579 2617 761 2700 quantitate
786 2616 987 2700 syllabarum
1011 2617 1094 2702 regi,
1117 2615 1211 2680 illum
1236 2616 1345 2682 dicant
1369 2639 1386 2682 e
1409 2617 1441 2682 vi

298 2725 448 2788 accentus
472 2723 617 2806 pendere.
655 2722 800 2798 Quorum
824 2725 953 2788 tantum
976 2724 1066 2807 prius
1089 2745 1201 2788 verum
1225 2729 1284 2806 est,
1307 2747 1380 2789 oum
1404 2724 1441 2788 il·

276 2829 339 2894 ·lic
362 2833 513 2894 accentus
536 2828 602 2893 vim
626 2830 859 2913 propemodum
883 2829 1007 2894 nullum
1032 2852 1101 2894 csse
1125 2833 1266 2895 constet:
1300 2831 1440 2895 alterum

296 2958 337 2999 ne
361 2936 408 3000 sic
431 2936 559 3022 quidem
579 2958 652 3000 sere
672 2935 873 3020 describitur,
897 2941 933 3000 ut
951 2959 1024 3000 cum
1044 2941 1178 3002 accentu
1197 2936 1324 3001 dicetur
1342 2960 1441 3022 quan·

296 3043 402 3108 titatis
434 3041 517 3107 ratio
542 3042 652 3126 aliquo
675 3046 931 3126 temperamento
954 3043 1116 3128 coniungi.
1162 3041 1248 3108 Nam
1272 3048 1439 3129 tamquam

296 3172 355 3215 scu
378 3171 430 3215 res
454 3149 502 3212 its
524 3148 653 3213 demum
677 3148 833 3234 tangitur,
856 3154 893 3214 ut
916 3150 1015 3215 etiem
1035 3151 1152 3214 veteris
1172 3151 1357 3216 comoediae
1375 3153 1439 3216 trs-

296 3255 493 3342 goediaeque
522 3255 586 3320 arti
614 3255 766 3320 metricae
793 3277 863 3339 pro
885 3255 1139 3321 fundamento
1164 3257 1264 3322 luisse
1288 3258 1440 3342 quenti-

295 3361 392 3426 tatis
430 3361 744 3427 observationem
781 3361 1005 3447 intellegatur,
1044 3364 1100 3428 sed
1134 3365 1202 3428 cius
1235 3364 1440 3448 quantitatis,

296 3489 378 3552 quae
402 3469 507 3553 qualis
526 3469 626 3532 fuerit
644 3468 824 3552 quibusque
843 3469 939 3534 rebus
960 3492 980 3533 a
999 3471 1216 3554 posteriorum
1236 3471 1438 3536 saeculorum

296 3573 527 3640 cousuetudine
556 3575 668 3657 distet,
702 3574 923 3658 superioribus
954 3577 1116 3661 capitibus
1147 3576 1346 3641 declaratum
1377 3581 1439 3642 est:

296 3704 378 3746 cum
402 3682 470 3746 eius
494 3686 601 3746 autern
631 3683 866 3768 quantitatis
896 3685 1109 3749 severitate
1138 3705 1283 3749 summa
1306 3705 1438 3748 accen-

295 3794 358 3853 tus
381 3788 711 3871 observationem,
737 3791 860 3870 quoad
880 3792 958 3855 eius
978 3791 1072 3871 ficri
1089 3797 1225 3874 posset,
1254 3789 1437 3855 concilis·

295 3897 371 3958 tam
396 3915 475 3958 esse.
520 3895 657 3960 Prorsus
681 3895 768 3959 enim
791 3900 963 3980 utrumque
986 3897 1146 3962 rationem
1170 3918 1348 3980 exaequare
1371 3918 1438 3962 om-

294 4001 373 4067 nino
396 4024 460 4066 uon
484 4005 660 4085 potuerunt
682 4004 806 4086 poetae,
830 4001 978 4067 simodo
1002 4001 1072 4066 fieri
1097 4024 1208 4067 versus
1230 4002 1364 4067 vellent:
1389 4002 1439 4069 vel

294 4111 379 4173 certe
403 4113 471 4174 tam
495 4109 644 4194 angustis
667 4108 787 4173 finibus
817 4112 919 4172 semet
946 4130 1091 4174 coercere
1115 4107 1306 4193 debuerant,
1334 4112 1370 4175 ut
1399 4109 1439 4174 ed

294 4236 395 4278 unum
418 4215 585 4281 modulum
609 4214 753 4280 centenis
773 4215 919 4280 versibus
944 4237 1015 4280 cum
1039 4215 1182 4280 maxime
1204 4216 1356 4282 molestia
1379 4239 1439 4282 sua

295 4321 462 4386 lubricatis
488 4345 553 4388 non
581 4325 716 4405 possent
742 4344 807 4387 non
830 4321 865 4385 in
887 4321 1107 4388 incredibilem
1130 4321 1212 4386 artis
1235 4322 1437 4389 ieiunitatem

400 4530 426 4600 a)
446 4531 499 4602 [012
521 4532 621 4600 Opusc.
640 4531 709 4601 phil.
730 4533 754 4586 ll
772 4532 859 4602 praef.
879 4551 905 4603 p.
925 4532 1045 4602 Xlsqq.]
