3332 5074
296 385 362 448 412
585 401 843 450 ononueouaue
867 403 913 448 nn
937 402 1146 450 uarrorusvs

297 550 391 628 repta
418 549 526 610 autem
554 549 587 609 et
613 546 771 629 preducta
798 546 870 611 cito
898 547 951 610 ibi
976 546 1041 611 aba·
1068 543 1148 631 (nou
1171 542 1233 632 eti)
1256 545 1348 610 milri
1371 547 1440 611 tibi

296 650 369 714 sibi
392 653 425 714 et
447 671 507 734 epo
530 655 739 736 usurpentur:
763 651 918 736 quoniam
937 655 1054 717 natura
1072 651 1186 718 breves
1206 652 1351 736 syllabas
1370 653 1439 717 fieri

297 745 413 842 longas
445 757 531 822 credi
563 759 689 824 ratione
723 759 914 824 destitutum
947 762 1025 824 estz·
1047 757 1256 842 consequitur
1289 759 1440 843 ancipitis

298 885 466 930 mensurae
488 864 577 930 illius
600 864 685 930 hanc
708 865 775 930 vim
799 887 878 951 esse,
901 870 940 931 ut
963 865 1089 950 origine
1113 886 1172 930 sua
1194 865 1300 950 longa·
1317 866 1439 932 vocalis

296 972 468 1056 paullatim
496 975 719 1038 attenuaretur
745 972 1000 1057 pronuntiando,
1031 994 1164 1058 prorsus
1191 975 1228 1036 ut
1254 962 1377 1038 factrim
1405 973 1439 1036 in

296 1079 365 1144 uolo
387 1101 445 1162 apo
467 1079 544 1144 debe
567 1081 649 1145 dedi:
672 1101 736 1165 quo
761 1079 893 1166 accedit,
916 1079 1001 1164 qued
1025 1101 1091 1143 non
1113 1081 1240 1144 tantum
1263 1079 1297 1142 in
1320 1077 1439 1144 dativis

297 1188 329 1249 et
352 1184 504 1250 ablativis
531 1185 696 1271 veterique
725 1185 866 1251 locutive
893 1187 907 1250 e'
930 1185 1026 1249 finale
1050 1207 1120 1250 esse
1143 1185 1278 1271 longum
1302 1189 1439 1270 constat,

297 1315 317 1356 a
340 1291 468 1357 casibus
492 1295 602 1357 autem
626 1292 740 1358 ductae
758 1292 809 1357 vel
832 1291 874 1357 ad
897 1314 1029 1359 casuum
1054 1291 1300 1358 similitudinem
1323 1292 1440 1358 forma·
1485 1355 1493 1365 ,

296 1404 349 1463 tae
373 1402 450 1463 sunt
472 1399 516 1463 ibt
539 1402 572 1463 et
593 1399 647 1463 ubi
668 1398 859 1483 particulae,
883 1398 938 1464 sed
963 1399 1063 1464 etiam
1086 1409 1136 1482 ope
1158 1399 1247 1483 prius
1272 1421 1369 1484 quam
1392 1401 1442 1483 epi

296 1505 397 1570 fnisse
422 1509 455 1570 et
477 1525 612 1591 graecae
635 1505 767 1590 linguae
791 1507 992 1590 comparatio
1015 1505 1188 1592 persuadet
1206 1509 1238 1570 et
1257 1528 1339 1592 qnae
1357 1507 1441 1572 inter

296 1633 347 1695 epe
379 1612 582 1697 primamque
613 1634 786 1696 personam
819 1613 910 1677 verbi
943 1615 1094 1700 cognatio
1127 1611 1304 1679 intercedit
1352 1614 1441 1690 Quae

297 1721 406 1783 autem
429 1719 464 1784 in
486 1721 499 1783 i
521 1723 647 1804 exeunt,
671 1718 775 1783 decis
795 1719 1032 1786 dubitationem
1051 1741 1181 1786 omnem
1200 1719 1272 1803 ipsa
1290 1721 1440 1786 vetustis·

297 1826 380 1890 sima
407 1830 617 1893 monumenta
644 1825 805 1909 eximunt,
836 1826 869 1890 in
894 1826 1010 1910 quibus
1033 1843 1117 1892 vuer
1139 1843 1210 1892 nrm
1234 1842 1325 1892 elem
1348 1845 1441 1894 ursel

296 1935 482 1998 constanter
511 1934 668 2018 scriptum
695 1935 732 1996 ut
761 1949 815 1998 sar
838 1937 872 1998 et
894 1951 976 1998 vuar
999 1936 1032 1998 et
1055 1951 1145 2012 ever.
1190 1931 1237 1998 At
1259 1955 1335 2000 vero
1359 1956 1440 2019 qnae

297 2039 389 2104 valde
412 2041 552 2105 confinia
576 2044 653 2105 sunt
675 2039 818 2123 ratione,
845 2061 884 2104 ea
912 2044 1022 2106 tamen
1046 2063 1123 2106 osus
1146 2061 1212 2105 non
1236 2040 1441 2108 mediocriter

297 2169 367 2212 esso
396 2146 537 2213 discreta
565 2147 679 2213 voluit.
724 2145 810 2212 Nam
839 2168 906 2212 non
929 2150 1057 2213 tantum
1079 2167 1155 2212 rara
1177 2145 1263 2229 apud
1286 2147 1439 2214 Plautum

296 2255 330 2318 in
355 2255 420 2320 illis
445 2253 578 2338 voculis,
602 2254 631 2319 si
654 2277 674 2320 a
696 2255 770 2320 cito
793 2254 983 2338 recesseris,
1006 2253 1156 2319 omnibus
1180 2252 1317 2318 ultimae
1341 2254 1438 2338 sylla-

296 2361 358 2426 bae
386 2359 555 2445 produetio
584 2365 647 2443 est,
680 2359 735 2426 sed
763 2360 798 2424 in
826 2361 962 2426 senariis
986 2360 1255 2446 septenariisqnc,
1285 2361 1440 2448 quidquid

297 2467 430 2552 quidam
458 2466 691 2553 obloquuntur,
722 2488 900 2551 numquam
928 2466 1079 2550 probata,
1111 2465 1176 2532 uisi
1200 2465 1254 2530 ubi
1277 2471 1380 2552 pausa
1402 2469 1441 2534 fit

296 2573 386 2638 vocis
414 2574 466 2638 vel
498 2573 670 2656 orationis,
701 2594 765 2657 qua
795 2573 921 2638 ratione
951 2577 1081 2657 practer
1110 2575 1219 2636 cetera
1248 2573 1440 2656 productum

296 2681 398 2747 mode
425 2681 664 2766 frequentatur:
701 2684 814 2746 centra
843 2680 913 2744 sine
941 2680 1008 2746 nlla
1036 2679 1210 2746 offensione
1240 2681 1383 2746 admissa
1404 2683 1440 2747 iu

198 2808 282 2849 onxx
297 2789 401 2855 altera
424 2789 490 2854 arsi
514 2789 715 2874 ereticorum,
737 2793 776 2854 ut
798 2789 853 2873 qui
875 2811 1028 2855 numerus
1051 2792 1220 2874 tamquam
1243 2789 1440 2855 catalecticis

296 2895 464 2961 ordinibus
498 2879 698 2979 compositus
731 2896 937 2982 singulorum
973 2895 1092 2980 pedum
1128 2895 1284 2979 quasdam
1322 2917 1440 2980 pauses

295 3003 423 3068 habeat.
468 3001 545 3068 Non
572 3005 660 3066 recte
687 3003 789 3088 igitur
817 3023 867 3066 me
896 3001 1001 3066 iudice
1029 3000 1147 3067 Bacch.
1169 3023 1199 3066 v.
1222 3001 1264 3068 28
1289 3002 1440 3067 relictum

296 3116 347 3175 cst
368 3109 440 3175 truie
457 3109 592 3192 miliique
609 3107 695 3174 haud
710 3110 811 3189 faciet,
836 3130 973 3193 qnorum
992 3112 1071 3191 tam,
1095 3131 1192 3194 quam
1213 3109 1329 3193 facilia,
1352 3114 1441 3175 certa

296 3216 478 3282 emendatio
501 3216 588 3281 turbe
610 3216 759 3298 miteque:
783 3214 956 3299 eademqne
980 3236 1095 3280 caussa
1117 3215 1181 3282 luit
1204 3238 1261 3281 eur
1278 3236 1337 3281 nee
1351 3215 1440 3281 'Prin

295 3324 362 3389 480
383 3324 447 3390 aar
470 3323 528 3388 reu
548 3321 649 3388 aaa
671 3323 752 3400 aa,
784 3343 842 3387 nee
870 3345 898 3386 v.
923 3307 1239 3405 rerumquae
1260 3322 1357 3388 recu
1378 3324 1441 3390 aaa

295 3435 339 3495 cst
360 3430 533 3496 tolerarem
556 3432 591 3496 in
614 3427 797 3514 senariia.*)
844 3428 950 3505 Quid?
983 3429 1069 3514 quod
1091 3451 1132 3494 ne
1155 3427 1287 3494 breveni
1311 3429 1439 3515 quidem

296 3535 447 3599 ultimam
483 3537 555 3601 acui
591 3537 624 3600 in
662 3535 728 3600 arsi
765 3535 907 3620 positam
939 3533 1091 3600 Plautina
1128 3535 1291 3620 elegantia
1325 3535 1441 3621 voluit,

297 3641 445 3727 quamvis
463 3644 587 3708 usitato
607 3642 728 3727 alioqui
747 3645 897 3708 accentus
916 3661 1047 3726 genere:
1067 3645 1262 3727 quapropter
1280 3646 1313 3708 et
1331 3665 1359 3708 v.
1374 3644 1439 3708 316

295 3749 386 3815 illam
402 3773 499 3834 quam
514 3749 763 3834 pcnvffll403]
774 3749 996 3813 memorabam
1010 3747 1258 3813 collocationem
1268 3749 1439 3815 verberum

296 3857 392 3922 reieci
417 3857 466 3922 Nc
488 3857 710 3940 aepriludiue'm
733 3857 790 3920 tibi
805 3860 898 3938 peter
917 3854 1059 3936 facerem,
1082 3857 1116 3918 et
1134 3877 1162 3920 v.
1181 3855 1266 3920 1124
1288 3877 1348 3940 pro
1368 3856 1445 3921 Hac'

296 3965 399 4028 sortitu
421 3963 479 4029 suro
499 3963 578 4027 milei
595 3984 716 4028 erorum
739 3984 812 4028 cum
832 3961 959 4047 Guyeto
978 3960 1228 4048 Hermannoquc
1245 3963 1304 4027 seed
1320 3963 1440 4029 mereim

296 4069 374 4134 miti
395 4090 461 4133 non
484 4073 611 4134 tanturn
635 4069 757 4135 vitandi
776 4069 887 4133 hiatus
907 4087 1021 4132 caussa
1040 4066 1164 4152 scripsi,
1187 4073 1221 4134 et
1240 4091 1268 4134 v.
1279 4069 1345 4135 440
1364 4069 1440 4134 Arn-

404 4333 431 4401 1“)
452 4331 496 4404 [In
515 4331 558 4389 ed
577 4331 625 4388 alt
646 4330 699 4386 etsi
716 4348 773 4388 non
791 4330 957 4388 sollicitavit
974 4331 1036 4400 tior,
1053 4333 1135 4399 ordei,
1152 4333 1247 4388 tamen
1265 4350 1289 4387 v.
1310 4339 1363 4388 480
1381 4351 1440 4388 mu·

297 4419 405 4476 tatione
428 4420 565 4477 facillima
587 4437 704 4476 menum
727 4421 780 4476 titi
803 4420 893 4477 multo
914 4419 1057 4478 faciliores
1081 4422 1154 4479 effici
1179 4437 1309 4478 numeros
1332 4421 1441 4478 monuit

298 4508 478 4578 Ritschcliua,
498 4509 561 4566 ooll.
580 4507 651 4564 Mur.
670 4509 723 4567 Rh.
742 4509 819 4565 XXV
838 4529 865 4581 p.
885 4515 937 4566 ³08
956 4511 1001 4581 (=
1017 4513 1116 4582 Opere
1135 4510 1204 4582 phil.
1224 4511 1263 4574 111
1281 4510 1402 4584 p‚188).]
