3306 5070
303 392 369 458 692
428 407 585 458 οποιαιιτ
609 406 677 456 κατ
700 405 760 456 nm
783 405 964 456 ιαιιυιαπτ
988 405 1058 454 νου
1082 405 1339 454 mmmmm.

346 553 459 631 Δηίοις
482 551 616 633 ἀντίβιοι
640 551 749 616 Γότθοι
773 551 865 630 μόνοι
889 549 1093 629 ἐςτιχόωντο·

345 661 488 739 Πληςίον
510 659 595 723 ἀλλὰ
618 661 819 737 παρέςτηκαν
842 660 959 723 κλειτοὶ
981 657 1155 739 ἐπίκουροι,

346 767 482 833 (αξόνες
505 767 690 847 ἀγχέμαχοι,
714 767 744 831 οἳ
768 765 923 845 (αξονίην
946 766 1100 845 ἐνέμοντο

331 875 461 967 ,Καλήν,
485 874 638 952 ἠγαθέην·
662 874 798 938 δεύοντο
822 873 858 936 δὲ
881 872 1029 951 θούριδος
1052 869 1158 949 ἀλκῆς.

349 981 388 1046 Οἱ
411 982 469 1059 μὲν
493 980 634 1059 κοίρανοι
658 981 737 1060 ῆςαν
760 979 808 1045 ἐνὶ
832 983 955 1062 ςτρατῷ
979 977 1036 1056 ἠδὲ
1059 980 1219 1059 μέδοντες,

346 1090 402 1153 Καὶ
426 1091 465 1167 δή
490 1086 519 1166 ῥ’
542 1087 774 1166 ἀμφοτέρωθεν
797 1088 1013 1165 ἐκαρτύναντο
1038 1085 1209 1166 φάλαγγας

344 1195 580 1273 Προφβονέως·
604 1195 742 1259 κατιδὼν
766 1191 795 1257 δ’
817 1195 850 1258 ἐξ
874 1193 1000 1271 αἰθέρος
1024 1191 1211 1272 ἀτρυγέτοιο

345 1302 442 1365 Γαῖαν
465 1298 647 1379 ἀπειρεςίην
670 1304 804 1365 πυκνοῖς
827 1300 949 1366 ἐτίναξε
973 1304 1141 1379 κεραυνοῖς
1413 1317 1448 1366 αα

343 1405 517 1472 Ἀθάνατος
540 1407 614 1472 θεὸς
638 1405 747 1469 αύτός·
770 1407 919 1470 έπέςτενε
944 1405 973 1470 δ’
996 1407 1135 1486 ούρανὸς
1159 1405 1261 1484 εύρύς.

343 1514 405 1578 (ὺν
429 1510 458 1575 δ’
480 1511 544 1588 ύμα
562 1511 595 1575 ἲς
617 1510 749 1591 ἀνέμοιο
773 1512 943 1576 κονίςαλον
965 1510 1186 1591 έςφαράγιζεν,

345 1619 401 1683 Καὶ
424 1618 525 1696 φέρεν
548 1615 626 1681 ἔνθα
650 1618 701 1681 καὶ
724 1615 802 1683 ἔνθα
825 1620 903 1697 κακὴ
917 1618 991 1710 ,πρὸ
1014 1619 1134 1684 θύελλα
1157 1621 1275 1702 θυέλλῃ

345 1722 447 1808 Ἀτμῷ
470 1724 506 1787 δὲ
530 1726 663 1808 φλογέιρ
688 1723 760 1788 λαοὶ
783 1725 885 1803 πυρὸς
909 1724 1121 1804 εἰλυφόωντο,

345 1830 401 1896 Καὶ
424 1828 548 1910 μεγάλα
572 1832 749 1911 βρομέουςα
772 1829 812 1896 δι’
835 1831 930 1910 ῆέρος
953 1833 1086 1911 ἐΞεχύθη
1110 1831 1201 1911 φλόξ.
1409 1848 1444 1897 6ο

342 1937 431 2003 ἘΖεε
454 1938 490 2001 δέ
516 1939 603 2016 χθὼν
626 1941 720 2015 πᾶςα,
744 1939 795 2002 καὶ
818 1936 946 2017 ἄμφεπε
970 1940 1087 2017 θερμὸς
1110 1937 1210 2018 ἀϋτμή

342 2045 439 2110 Υἱέας
462 2043 664 2121 Αύςτριακῶν
687 2044 738 2107 καὶ
762 2043 898 2109 Γότθους
923 2045 1170 2123 χαλκοχίτωνας.

343 2153 508 2228 Φθέγξατο
532 2149 561 2213 δ’
584 2151 621 2215 έν
644 2149 745 2234 πεδίῳ
768 2150 883 2229 ἐρατῆς
907 2149 1081 2228 ςάλπιγγος
1104 2151 1171 2231 ἰωή,

345 2257 421 2322 Ἠτε
446 2255 642 2336 μετάγγελός
665 2257 728 2320 ἐςτι
752 2258 905 2334 δυςηχέος
928 2255 1041 2335 Ἄρεος
1065 2255 1148 2322 ὄςςα

344 2364 408 2442 Τῆς
431 2361 460 2426 δ’
483 2363 553 2428 ἐπεὶ
576 2363 636 2427 ούν
658 2364 773 2440 φωνῆν
798 2365 887 2427 λαῶν
910 2363 1012 2441 ςτίχες
1035 2364 1229 2444 είςήκουςαν,
1409 2383 1444 2431 το
1475 2387 1481 2396 ·

346 2471 449 2535 Πᾱςιν
473 2469 582 2548 ὀρίνθη
607 2469 705 2546 θυμὸς
729 2467 775 2531 ἰδὲ
799 2466 916 2547 τρόμος
940 2467 1055 2550 ἔλλαβε
1079 2475 1154 2546 γυῖα

342 2578 426 2642 Τούς
449 2575 568 2640 ἄλλους
590 2596 625 2640 τε
650 2577 701 2639 καὶ
724 2575 824 2639 αύτού
848 2611 888 2620 -
915 2573 1017 2654 ὁγὰρ
1041 2577 1139 2642 κακὸν
1163 2575 1272 2642 ὄςςετο
1296 2583 1384 2662 θυμῷ
1401 2615 1439 2626 -

341 2683 480 2748 Τιλλύου
504 2684 598 2762 μένος
622 2682 674 2760 ἠύ·
699 2680 834 2746 πάταςςε
858 2682 894 2748 δέ
919 2681 949 2746 οἱ
973 2682 1071 2761 φίλον
1093 2684 1179 2763 ῆταρ.

343 2789 498 2869 Ὀχθήςας
522 2787 551 2852 δ’
574 2787 636 2866 ἄρα
660 2785 730 2852 είπε
754 2788 835 2866 πρὸς
859 2789 898 2852 δν
921 2791 1125 2868 μεγαλήτορα
1148 2789 1264 2868 θυμόν·

388 3001 430 3067 Ὠ
453 3023 506 3082 μοι
530 3003 595 3079 ἐγὼ
618 3001 647 3064 τί
671 3001 776 3076 πάθω;
801 3002 871 3066 ἐπεὶ
894 3000 977 3065 ὄςτις
1001 2999 1081 3080 ἀνὴρ
1104 3005 1278 3082 πυκιμήδης
1409 3022 1443 3070 το

342 3111 448 3188 Μῆπω
470 3111 627 3188 ταρβήςας
650 3109 669 3186 ἢ
694 3106 861 3185 ἀποίχεται
883 3109 902 3188 ἤ
927 3107 954 3172 κ’
976 3101 1107 3187 ἀλέηται

339 3215 487 3294 Ὑςμίνης
510 3219 676 3294 κρατερῆς·
700 3211 771 3277 ἀλλ’
794 3213 954 3291 ἐμμενέως
975 3215 1116 3280 ίςταςθαι

345 3323 411 3400 Χρῆ
435 3319 508 3400 μάλ’
530 3318 731 3400 ἀριςτεύοντ’,
754 3319 803 3400 ἤτ’
825 3319 931 3400 ἔβλητ’
952 3320 1002 3401 ἤτ’
1024 3319 1112 3401 ἔβαλ’
1134 3321 1244 3387 ἀλλον.

386 3535 494 3598 Ταῦτα
517 3535 575 3611 μέν
598 3532 629 3597 οἱ
652 3534 826 3612 φρονέοντι
850 3529 945 3612 φίλος
969 3537 1131 3600 διελέξατο
1156 3533 1266 3612 θυμός·

342 3639 455 3704 Ἔνθεν
478 3638 507 3703 δ’
530 3639 648 3722 ἠνορέῃ
671 3639 802 3704 πίςυνος
825 3641 875 3703 καὶ
897 3641 956 3724 ῆφι
980 3641 1097 3724 βίηφιν,
1405 3657 1440 3706 θα

340 3747 419 3812 (τὰς
443 3747 480 3810 ἐν
503 3747 602 3830 μέςςιμ
626 3745 721 3810 ἀϋςεν
744 3744 823 3812 ἄναξ
845 3749 927 3825 μέγα
949 3767 984 3811 τε
1008 3747 1116 3811 δεινόν
1138 3766 1182 3826 τε,

341 3853 555 3930 Αύςτριακοῑςι
579 3854 615 3917 δὲ
639 3857 712 3916 πάςι
736 3854 817 3931 μέγα
840 3855 950 3919 ςθένος
974 3851 1084 3932 ἔμβαλ’
1106 3851 1226 3937 έκάςτιμ

342 3959 458 4042 Καρδίῃ
482 3958 641 4039 ἄλληκτον
665 3960 846 4039 πολεμίζειν
869 3960 925 4037 ἠδέ
950 3959 1109 4039 μάχεςθαι.

340 4067 406 4131 Τού
429 4065 458 4129 δ’
481 4065 675 4145 ὀτρύνοντος
698 4068 835 4145 πρυλέες
857 4087 892 4130 τε
917 4066 968 4130 καλ
991 4065 1089 4131 ὠκέες
1111 4065 1220 4130 ἱππεῖς

341 4171 389 4237 Ἐς
413 4173 514 4237 πέδον
537 4173 701 4251 ἐρρώοντο
724 4174 974 4252 φιλοπτολέμων
997 4177 1160 4252 μεμαῶτες
1404 4191 1438 4240 8ο

339 4277 430 4357 Ἀορι
453 4280 620 4362 λευγαλέῳ
644 4279 774 4357 δολιχὰς
794 4278 903 4343 ἐλάςαι
927 4279 1033 4357 ςτίχας
1056 4279 1197 4359 ἀνδρῶν·

339 4383 424 4450 Ἀλλ’
447 4385 506 4464 οὐχ
529 4387 586 4463 ἥδε
610 4389 676 4468 θεῷ
698 4385 843 4469 ύψιῑύγιμ
866 4387 984 4464 ἥνδανε
1011 4388 1117 4464 βουλή.

340 4492 527 4570 (ευομένων
551 4490 579 4554 δ’
600 4493 711 4556 ἵππων
733 4493 898 4571 πολυηχῆς
921 4491 1024 4570 ὤρορε
1050 4495 1179 4571 δοῦπος,
