3332 5074
524 417 791 465 nununrrrours
816 417 1023 466 rnlvrmln.
1283 403 1349 467 465

203 561 290 626 enirn
319 561 490 646 exemplis,
522 585 603 645 quae
632 562 714 626 nihil
743 563 884 646 suspecti
913 564 1039 628 aliunde
1071 563 1226 645 habeant,
1257 564 1348 628 litam

203 668 294 734 illinc
315 690 382 733 non
405 669 572 753 moverim,
594 673 632 733 ut
654 669 744 734 Asin.
769 668 825 752 IV,
851 673 878 754 l,
904 671 958 734 17:

291 809 342 875 Ne
364 811 496 893 epistatd
519 811 649 894 quidem
672 811 730 876 illa
752 812 820 876 uilla
844 813 887 876 sit
910 813 943 876 in
967 813 1113 877 aridibus:

204 954 237 1016 in
266 975 330 1036 quo
360 954 440 1018 adeo
470 954 510 1018 ad
539 953 814 1038 quadrisyllabam
840 976 952 1020 vocem
976 955 1086 1020 eadem
1115 955 1249 1021 lieentia
1276 978 1349 1040 pro-

203 1080 314 1144 gressa
348 1065 406 1125 est.
452 1059 527 1126 Non
559 1062 665 1146 magis
697 1061 732 1125 in
763 1062 869 1146 primo
903 1061 983 1146 pede
1017 1085 1077 1146 pro
1109 1063 1262 1128 trochaeo
1291 1063 1350 1126 tri·

202 1166 360 1232 brachum
391 1168 569 1234 admissum
601 1169 737 1234 calidius
767 1169 919 1234 damnare
951 1169 1068 1254 ausim,
1100 1173 1137 1234 ut
1170 1169 1351 1256 significari

203 1275 494 1357 p.chxx1x[420].
528 1272 590 1338 sed
613 1275 648 1339 in
670 1276 768 1340 tertio
793 1277 872 1359 peda
896 1278 1000 1340 multo
1025 1276 1131 1341 minus
1156 1275 1274 1339 similis
1299 1297 1349 1339 ac·

204 1383 317 1445 centus
341 1380 499 1465 probatus
523 1385 582 1464 est,
606 1381 734 1465 qualem
758 1405 789 1448 v.
813 1383 878 1448 503
902 1381 1046 1467 Guyetus
1070 1382 1194 1448 intulit:

292 1522 395 1607 Eheu,
418 1524 474 1588 ubi
497 1524 545 1589 nil
567 1525 643 1590 usas
666 1529 737 1590 erat
760 1525 856 1609 dioto,
879 1525 1032 1608 spdndeo,

206 1665 254 1729 vel
280 1665 396 1731 Bacch.
419 1667 484 1731 223
510 1667 602 1748 [255]
627 1667 765 1733 librarii:

292 1808 458 1876 Volcanus
483 1809 539 1876 Sol
562 1811 657 1876 Luna
680 1810 758 1876 Dies
782 1863 798 1869 -
812 1843 831 1870 υ
844 1839 861 1870 ι
875 1844 894 1870 υ
907 1863 940 1878 -.

293 1952 455 2017 Acoentus
470 1953 633 2018 licentiam
655 1955 897 2019 senariorum
918 1976 1046 2020 omnem
1061 1957 1249 2038 persecutus
1264 1975 1350 2017 sum:

206 2059 293 2122 volui
312 2063 398 2122 certe
418 2080 547 2123 omnam
565 2061 724 2143 persequi.
756 2059 878 2136 Quodsi
903 2083 986 2144 quae
1009 2060 1211 2145 reperiantur
1235 2081 1350 2142 propo·

205 2165 276 2230 sitis
303 2165 430 2249 legibus
456 2187 523 2230 non
549 2166 798 2250 comprehensa,
826 2167 1023 2231 confidenter
1047 2166 1174 2250 imputa
1199 2164 1350 2230 librariis.

205 2269 409 2356 Quamquam
444 2273 513 2337 eius
544 2272 672 2357 generis
703 2295 720 2337 e
751 2273 941 2339 Trinummo
972 2295 1057 2338 nune
1087 2273 1169 2338 nihil
1200 2272 1352 2338 recordor

206 2382 335 2462 praeter
357 2380 564 2464 turpissimos
587 2401 738 2444 numeros
762 2403 791 2444 v.
814 2381 893 2445 200:

293 2519 407 2605 Neque
430 2520 729 2608 mahummariam)
753 2544 855 2606 neque
880 2527 1031 2608 argutum
1055 2525 1169 2608 magis.

206 2663 294 2740 Quae
327 2687 389 2728 vox
420 2665 681 2748 mmddcildquias
712 2665 954 2749 pronuntianda
986 2671 1057 2732 erat
1087 2665 1284 2749 necessario,
1317 2669 1353 2729 ut

206 2771 353 2854 proximo
376 2793 472 2837 versu
494 2773 788 2856 confidentiloquius,
806 2795 872 2838 non
894 2774 1191 2856 confidentiloquius,
1215 2772 1247 2836 id
1267 2771 1351 2856 quod

205 2879 485 2961 perversissimum
513 2879 657 2944 futurum
686 2883 763 2944 erat
809 2880 923 2944 Asoita
945 2880 1046 2965 igitur
1070 2902 1108 2944 ex
1132 2879 1350 2942 Ambrosiano
1365 2897 1493 2938 ccxxxn

205 2987 279 3049 acteo
306 2987 466 3070 particula
488 2979 580 3050 ‘verus
604 2987 720 3050 vitium
750 2988 797 3052 ita
820 2988 869 3052 uti
901 2987 934 3050 in
963 2985 1104 3050 editione
1132 2985 1254 3049 lactum
1284 3005 1351 3047 sus·

205 3093 332 3178 tuli.**)

294 3200 346 3265 Ad
370 3199 592 3264 trochaieos
621 3205 729 3265 autem
758 3200 1005 3284 septenarios
1029 3203 1065 3264 ut
1088 3203 1266 3281 transeam,
1296 3196 1351 3262 ho·

207 3330 278 3373 rum
306 3307 436 3390 quidem
470 3306 674 3390 rhythmicae
704 3309 846 3372 rationes
878 3329 973 3391 quam
1005 3307 1203 3390 propinquae
1234 3325 1352 3389 cogna-

206 3414 304 3478 tionis
327 3413 456 3477 vinculo
479 3436 552 3478 cum
576 3414 778 3485 senariorum
804 3413 987 3478 rationibus
1011 3413 1251 3494 contineantur,
1279 3433 1352 3476 cum

207 3541 245 3582 ex
270 3519 324 3602 eis,
348 3541 430 3602 quae
454 3519 559 3584 adhuc
577 3520 716 3584 vidimus
736 3520 904 3606 utriusque
924 3519 1050 3604 generis
1071 3519 1254 3584 communia
1273 3539 1354 3602 esse,

206 3625 302 3690 facile
326 3625 505 3710 colligitur,
531 3630 602 3692 tum
630 3627 757 3710 plenius
787 3649 825 3692 cx
849 3627 895 3691 eis
919 3626 1091 3710 apparebit
1114 3647 1196 3709 quae
1219 3624 1354 3690 dicenda

206 3736 339 3798 restant.
385 3733 493 3816 Atque
523 3738 693 3818 perspecta
723 3738 774 3798 est
804 3755 842 3798 aa
872 3733 1012 3798 affinitas
1043 3734 1108 3798 iam
1139 3756 1158 3797 a
1190 3733 1352 3798 veteribus

207 3839 373 3924 magistris
401 3838 482 3922 illis,
515 3839 570 3923 qui
600 3843 824 3904 tetrametrum
856 3840 1057 3905 trochaicum
1085 3841 1132 3904 ita
1161 3839 1354 3904 definierunt

206 3950 242 4010 ut
269 3945 484 4030 compositum
514 3968 584 4010 esse
612 3970 649 4011 ex
679 3947 819 4012 iambico
843 3948 991 4014 trimetro
1015 3953 1048 4013 et
1071 3947 1147 4011 huic
1173 3947 1351 4030 praemisso

296 4175 322 4245 *)
341 4176 442 4245 [‘quod
456 4175 534 4230 nullo
554 4176 637 4231 modo
656 4176 806 4232 defendere
825 4177 1021 4233 hartmannus
1039 4175 1069 4230 in
1088 4173 1167 4231 Lacr.
1187 4191 1214 4243 p.
1235 4178 1285 4228 129
1305 4173 1351 4228 de·

206 4263 288 4318 buit)
309 4265 410 4334 ‘ltin-¹]

277 4352 319 4420 ”l
340 4353 384 4424 [ln
402 4353 446 4409 ad.
460 4353 509 4409 alt.
529 4353 699 4408 Ritsohelius
718 4373 743 4410 v.
758 4361 811 4410 200
830 4355 916 4410 stiam
936 4356 1050 4425 proptor
1068 4352 1200 4424 languide
1219 4352 1352 4406 iteratum

207 4441 326 4509 -loqm'uu
352 4440 421 4496 satis
446 4439 616 4495 confidenter
640 4441 850 4511 interpolationi
873 4441 985 4511 tribuit,
1012 4440 1104 4510 qualia
1126 4458 1182 4496 non
1201 4455 1264 4496 raro
1282 4441 1352 4512 ipsis

207 4530 340 4599 epithetis
359 4529 534 4585 cumulandis
552 4531 812 4601 amplificandisque
830 4533 959 4602 grassata
978 4532 1022 4598 ait,
1040 4531 1119 4585 velut
1136 4549 1161 4584 v.
1182 4531 1297 4601 Νη]

260 4639 300 4671 ra.
320 4637 470 4674 arraonsarr
490 4639 622 4676 orsaorsa
640 4641 665 4676 v.
1105 4627 1138 4674 30
