3338 5072
314 421 388 512 378Δ
606 435 864 485 raonaaonnua
888 437 935 482 nn
960 436 1169 485 namomsvs

315 583 349 648 in
371 581 532 666 principio
556 601 667 645 versus
691 579 807 664 positis
833 579 917 660 Quid
947 580 1004 644 tibi
1034 579 1295 666 interpellato*):
1329 581 1460 666 quando

315 688 443 754 somnia
465 691 542 753 sunt
566 686 604 752 de
628 687 852 772 monosyllaba
875 687 928 752 roi
949 686 1224 772 pronuntiatione.
1270 687 1460 774 Apraepo-

315 795 433 860 sitione
462 797 571 859 autem
598 815 664 859 non
692 797 742 858 est
769 795 889 860 mirum
918 794 1052 860 eandem
1077 795 1314 880 correptionem
1337 795 1378 860 ad
1401 798 1459 862 in·

315 903 419 968 terim
442 900 636 986 particulam
658 901 846 986 perrexisse,
868 905 905 966 ut
929 899 1056 967 Curcul.
1079 900 1135 987 IV,
1160 905 1188 987 1,
1211 902 1263 968 25.
1294 901 1397 969 Stichi
1420 903 1460 989 V,

314 1011 349 1094 4,
373 1009 430 1076 23:

382 1151 444 1218 Sed
468 1152 599 1217 interim
622 1150 708 1218 fores
728 1172 893 1236 crepuere:
915 1149 1047 1236 linguae
1071 1151 1336 1217 moderanddmst
1359 1175 1459 1220 meae.

382 1257 444 1325 Sc'd
467 1259 607 1344 interim,
630 1260 773 1344 stratigo
796 1261 917 1342 noster,
940 1263 997 1323 cdr
1019 1258 1073 1324 hic
1096 1264 1202 1325 cessat
1220 1259 1423 1325 ca'ntharus?

208 1363 210 1368 Ι
315 1405 348 1467 et
371 1406 408 1466 ut
431 1401 559 1466 videtur
581 1400 802 1466 Mostellariae
826 1401 867 1485 V,
893 1401 921 1483 1,
944 1401 1002 1466 45:

381 1530 454 1629 ligo
477 1542 609 1609 interim
631 1544 716 1609 hanc
739 1565 829 1608 aram
853 1543 1017 1630 docupabo
1040 1567 1064 1610 c.
1086 1566 1114 1628 q.
1137 1565 1170 1628 a,

315 1688 462 1773 quamvis
490 1686 536 1752 ibi
559 1686 647 1751 facili
670 1707 770 1772 opera
792 1707 844 1769 ayo
866 1686 1020 1752 deleatur.
1065 1686 1152 1753 Nam
1175 1688 1293 1754 Persas
1315 1687 1361 1772 ΙΙ,
1387 1689 1414 1772 1,
1438 1691 1459 1753 5

316 1817 374 1880 pro
397 1795 523 1860 innam
545 1798 632 1859 recte
654 1815 739 1858 nunc
763 1793 951 1859 restitutum
970 1798 1021 1858 est
1038 1796 1163 1874 interca,
1187 1795 1330 1860 eiusdem
1350 1800 1459 1860 autem

316 1923 449 1969 scaenae
472 1903 535 1967 at
562 1901 663 1966 eiecto
686 1901 811 1966 interim
835 1901 882 1967 sic
907 1902 1113 1967 scribendum
1135 1902 1215 1968 duce
1239 1901 1458 1968 Ambrosiano

316 2009 440 2076 codice:

405 2149 509 2228 Quom
542 2154 577 2216 tu
611 2149 777 2238 ingenium
810 2151 882 2216 fans
915 2153 1013 2236 :itque
1044 2151 1152 2217 infans
1183 2151 1328 2218 nondum
1360 2154 1459 2218 etiem

1061 2280 1168 2324 meum
1191 2257 1423 2346 edidicisti.**)

315 2401 438 2469 Verum
466 2402 716 2487 haudquaquam
745 2402 795 2467 vis
823 2401 998 2487 positionis
1028 2401 1107 2468 adeo
1134 2400 1230 2466 nihili
1257 2400 1372 2468 habita
1400 2407 1459 2488 est,

315 2515 353 2576 ut
375 2510 474 2576 ctiam
496 2513 563 2576 tres
582 2512 798 2576 consonantes
817 2509 947 2574 litterae
970 2509 1004 2573 in
1027 2512 1128 2574 intro
1152 2509 1402 2594 corriperentur:
1425 2509 1459 2575 id

316 2616 402 2703 quod
429 2639 494 2682 non
521 2616 626 2702 magis
650 2617 774 2682 factum
798 2619 847 2680 est
871 2639 970 2702 quam
992 2615 1151 2682 inhercie.
1198 2616 1272 2682 Vna
1294 2621 1323 2682 et
1344 2618 1459 2683 vocula

316 2724 444 2790 abiecta
467 2723 655 2788 Aululariae
679 2722 737 2807 ΙΙΙ,
760 2724 790 2808 3,
813 2724 833 2789 3
857 2722 1114 2789 reconcinnetur:

404 2851 454 2930 Ite
478 2887 555 2930 sane
577 2871 665 2930 minc
687 2867 753 2931 iam
776 2867 864 2931 intro
887 2867 999 2930 omna's
1024 2866 1119 2950 coqui
1142 2870 1175 2930 et
1198 2865 1353 2932 tibicinae
1364 2865 1448 2953 ***);

315 3009 483 3076 lenissima
506 3008 762 3094 transpositione
786 3011 921 3074 sanatur
944 3007 1048 3074 Stichi
1071 3005 1128 3091 IV,
1154 3011 1182 3093 1,
1205 3009 1261 3074 29:

404 3157 490 3237 Dios
528 3169 706 3235 salutatum
744 3170 840 3252 aitque
877 3191 1011 3234 uxorem
1047 3171 1135 3235 intro
1172 3169 1268 3235 modo
1305 3167 1459 3234 deuortdr

1166 3275 1311 3359 domum3

315 3420 575 3487 commodissime
599 3418 745 3503 procedit
767 3419 802 3483 in
825 3419 944 3484 senarii
966 3419 1108 3503 speciem
1131 3419 1173 3483 ab
1197 3417 1376 3483 editoribus
1400 3417 1458 3482 mi-

215 3555 302 3597 cxxx
316 3549 385 3594 sere
409 3528 618 3592 detruncatus
642 3525 844 3610 septenarius
867 3526 975 3591 Aulul.
998 3525 1040 3604 II,
1064 3526 1094 3609 8,
1117 3526 1172 3591 23:

404 3667 567 3734 Nimirum
596 3668 737 3753 occidor,
770 3669 833 3734 nisi
862 3690 922 3755 ego
951 3670 1039 3734 intro
1067 3669 1130 3734 huc
1158 3667 1294 3752 propere
1317 3691 1457 3754 propero

1165 3779 1302 3857 currere,

315 3867 525 3876 .-.-----.

313 4026 383 4082 item
403 4025 432 4081 in
449 4021 623 4081 emendando
641 4041 667 4077 v.
679 4027 740 4091 725,
757 4023 806 4078 ubi
825 4024 868 4077 est
881 4019 1051 4092 ptaritram.
1078 4023 1110 4077 Ia
1125 4017 1259 4078 cdctleam
1276 4020 1373 4092 paullo
1391 4024 1457 4076 ante

315 4115 353 4186 [p.
373 4115 438 4186 3⁷4]
458 4114 548 4170 oratio
566 4112 674 4168 incidit.
713 4111 767 4184 [Oi.
788 4111 888 4182 Opusc.
907 4110 976 4181 phil.
996 4111 1022 4166 Il
1041 4130 1069 4181 p.
1089 4116 1220 4180 58tsqq.‚
1240 4109 1331 4182 alibi]

422 4205 447 4272 ⁸)
468 4203 545 4274 [‘neo
564 4201 638 4258 enim
656 4200 827 4256 Buechelero
846 4200 1058 4256 adsentiendum
1078 4201 1112 4256 do
1131 4198 1201 4255 decl.
1221 4217 1249 4270 p.
1269 4200 1323 4256 58!
1353 4199 1456 4271 Trin.²]

403 4291 445 4363 **)
465 4291 566 4364 [Quom
591 4308 678 4346 meum
703 4291 843 4361 ingenium
868 4291 889 4358 f.
913 4309 938 4346 o.
963 4291 982 4345 i.
1008 4297 1039 4346 ta
1064 4290 1188 4346 nondum
1214 4291 1295 4344 etiam
1321 4289 1458 4344 ediderint

315 4380 423 4452 ‘paullo
441 4380 555 4436 rectius'
575 4379 605 4434 in
623 4378 746 4435 editione
766 4378 845 4433 dedit
862 4377 1052 4450 ititsoheliuc]

385 4467 444 4538 m)
464 4469 533 4539 [Ant
550 4485 640 4525 omncs
663 4467 764 4538 (forma
782 4469 876 4524 introd
893 4467 1028 4538 reposita)
1047 4469 1098 4523 aut
1114 4469 1171 4522 iam
1190 4466 1268 4522 delet
1285 4463 1457 4520 Ritsctelius

315 4557 385 4613 Nor.
404 4573 462 4612 exc.
482 4557 574 4612 Plaut.
593 4558 604 4612 1
624 4574 651 4626 p.
670 4556 725 4626 82]
