<?xml version="1.0" encoding="UTF-8"?>
<!DOCTYPE html PUBLIC "-//W3C//DTD XHTML 1.0 Transitional//EN"
    "http://www.w3.org/TR/xhtml1/DTD/xhtml1-transitional.dtd">
<html xmlns="http://www.w3.org/1999/xhtml" xml:lang="en" lang="en">
 <head>
  <title>
</title>
<meta http-equiv="Content-Type" content="text/html;charset=utf-8" />
  <meta name='ocr-system' content='tesseract 3.04.00' />
  <meta name='ocr-capabilities' content='ocr_page ocr_carea ocr_par ocr_line ocrx_word'/>
</head>
<body>
  <div class='ocr_page' id='page_1' title='image "./fridericiritsch07wachgoog_0692.png"; bbox 0 0 3302 5076; ppageno 0'>
   <div class='ocr_carea' id='block_1_1' title="bbox 549 420 1313 484">
    <p class='ocr_par' dir='ltr' id='par_1_1' title="bbox 549 420 1313 484">
     <span class='ocr_line' id='line_1_1' title="bbox 549 420 1313 484; baseline 0.001 -1"><span class='ocrx_word' id='word_1_1' title='bbox 549 435 784 484; x_wconf 79' lang='lat' dir='ltr'><strong>orrarursona</strong></span> <span class='ocrx_word' id='word_1_2' title='bbox 808 435 938 484; x_wconf 81' lang='lat' dir='ltr'><strong>annau.</strong></span> <span class='ocrx_word' id='word_1_3' title='bbox 1249 420 1313 484; x_wconf 78' lang='grc'><strong>675</strong></span> 
     </span>
    </p>
   </div>
   <div class='ocr_carea' id='block_1_2' title="bbox 159 575 1406 4498">
    <p class='ocr_par' dir='ltr' id='par_1_2' title="bbox 159 575 1406 4498">
     <span class='ocr_line' id='line_1_2' title="bbox 171 575 1314 664; baseline 0.001 -22"><span class='ocrx_word' id='word_1_4' title='bbox 171 575 336 642; x_wconf 85' lang='lat' dir='ltr'><strong>Nimirum</strong></span> <span class='ocrx_word' id='word_1_5' title='bbox 365 577 427 643; x_wconf 92' lang='lat' dir='ltr'><strong>hoc</strong></span> <span class='ocrx_word' id='word_1_6' title='bbox 455 579 591 644; x_wconf 88' lang='lat' dir='ltr'><strong>oonsilio</strong></span> <span class='ocrx_word' id='word_1_7' title='bbox 615 579 761 644; x_wconf 90' lang='lat' dir='ltr'><strong>conditas</strong></span> <span class='ocrx_word' id='word_1_8' title='bbox 785 601 869 664; x_wconf 86' lang='lat' dir='ltr'><strong>esse,</strong></span> <span class='ocrx_word' id='word_1_9' title='bbox 902 599 982 664; x_wconf 86' lang='lat' dir='ltr'><strong>quas</strong></span> <span class='ocrx_word' id='word_1_10' title='bbox 1006 579 1160 664; x_wconf 77' lang='lat' dir='ltr'>peculiari</span> <span class='ocrx_word' id='word_1_11' title='bbox 1183 579 1314 644; x_wconf 89' lang='lat' dir='ltr'><strong>nomine</strong></span> 
     </span>
     <span class='ocr_line' id='line_1_3' title="bbox 173 685 1315 768; baseline 0.002 -20"><span class='ocrx_word' id='word_1_12' title='bbox 173 685 214 748; x_wconf 91' lang='lat' dir='ltr'><strong>ab</strong></span> <span class='ocrx_word' id='word_1_13' title='bbox 251 685 518 752; x_wconf 80' lang='lat' dir='ltr'><strong>universitatibus</strong></span> <span class='ocrx_word' id='word_1_14' title='bbox 555 685 711 750; x_wconf 87' lang='lat' dir='ltr'><strong>discretas</strong></span> <span class='ocrx_word' id='word_1_15' title='bbox 750 685 931 751; x_wconf 86' lang='lat' dir='ltr'><strong>academias</strong></span> <span class='ocrx_word' id='word_1_16' title='bbox 967 686 1151 751; x_wconf 88' lang='lat' dir='ltr'><strong>litterarum</strong></span> <span class='ocrx_word' id='word_1_17' title='bbox 1188 689 1315 768; x_wconf 82' lang='lat' dir='ltr'><strong>vocant,</strong></span> 
     </span>
     <span class='ocr_line' id='line_1_4' title="bbox 172 791 1314 878; baseline 0.001 -23"><span class='ocrx_word' id='word_1_18' title='bbox 172 791 301 876; x_wconf 91' lang='lat' dir='ltr'><strong>magnis</strong></span> <span class='ocrx_word' id='word_1_19' title='bbox 329 813 388 876; x_wconf 89' lang='lat' dir='ltr'><strong>per</strong></span> <span class='ocrx_word' id='word_1_20' title='bbox 415 792 554 857; x_wconf 88' lang='lat' dir='ltr'><strong>maiores</strong></span> <span class='ocrx_word' id='word_1_21' title='bbox 583 792 733 857; x_wconf 88' lang='lat' dir='ltr'><strong>civitates</strong></span> <span class='ocrx_word' id='word_1_22' title='bbox 760 793 930 877; x_wconf 88' lang='lat' dir='ltr'><strong>plerasque</strong></span> <span class='ocrx_word' id='word_1_23' title='bbox 958 792 1114 878; x_wconf 79' lang='lat' dir='ltr'><strong>impensis</strong></span> <span class='ocrx_word' id='word_1_24' title='bbox 1139 791 1314 857; x_wconf 84' lang='lat' dir='ltr'><strong>sustentari</strong></span> 
     </span>
     <span class='ocr_line' id='line_1_5' title="bbox 172 897 1315 984; baseline 0.003 -23"><span class='ocrx_word' id='word_1_25' title='bbox 172 897 296 983; x_wconf 87' lang='lat' dir='ltr'><strong>solitas,</strong></span> <span class='ocrx_word' id='word_1_26' title='bbox 319 899 482 964; x_wconf 86' lang='lat' dir='ltr'><strong>tralaticia</strong></span> <span class='ocrx_word' id='word_1_27' title='bbox 505 919 582 965; x_wconf 89' lang='lat' dir='ltr'><strong>voce</strong></span> <span class='ocrx_word' id='word_1_28' title='bbox 606 899 827 984; x_wconf 86' lang='lat' dir='ltr'><strong>respondetur.</strong></span> <span class='ocrx_word' id='word_1_29' title='bbox 857 898 943 965; x_wconf 88' lang='lat' dir='ltr'><strong>Huic</strong></span> <span class='ocrx_word' id='word_1_30' title='bbox 967 903 1075 964; x_wconf 84' lang='lat' dir='ltr'><strong>autem</strong></span> <span class='ocrx_word' id='word_1_31' title='bbox 1092 909 1254 984; x_wconf 89' lang='lat' dir='ltr'><strong>&#39;responso</strong></span> <span class='ocrx_word' id='word_1_32' title='bbox 1278 902 1315 965; x_wconf 87' lang='lat' dir='ltr'><strong>ut</strong></span> 
     </span>
     <span class='ocr_line' id='line_1_6' title="bbox 172 1005 1314 1090; baseline 0.002 -22"><span class='ocrx_word' id='word_1_33' title='bbox 172 1025 299 1070; x_wconf 91' lang='lat' dir='ltr'><strong>rursum</strong></span> <span class='ocrx_word' id='word_1_34' title='bbox 324 1007 535 1090; x_wconf 87' lang='lat' dir='ltr'><strong>respondeam</strong></span> <span class='ocrx_word' id='word_1_35' title='bbox 559 1005 773 1090; x_wconf 88' lang='lat' dir='ltr'><strong>adversando,</strong></span> <span class='ocrx_word' id='word_1_36' title='bbox 797 1006 831 1070; x_wconf 90' lang='lat' dir='ltr'><strong>in</strong></span> <span class='ocrx_word' id='word_1_37' title='bbox 853 1005 915 1071; x_wconf 90' lang='lat' dir='ltr'><strong>hoc</strong></span> <span class='ocrx_word' id='word_1_38' title='bbox 939 1028 1014 1072; x_wconf 89' lang='lat' dir='ltr'><strong>vero</strong></span> <span class='ocrx_word' id='word_1_39' title='bbox 1038 1006 1135 1072; x_wconf 87' lang='lat' dir='ltr'><strong>cardo</strong></span> <span class='ocrx_word' id='word_1_40' title='bbox 1159 1006 1314 1072; x_wconf 91' lang='lat' dir='ltr'><strong>orationis</strong></span> 
     </span>
     <span class='ocr_line' id='line_1_7' title="bbox 173 1112 1314 1198; baseline 0.001 -22"><span class='ocrx_word' id='word_1_41' title='bbox 173 1133 263 1177; x_wconf 84' lang='lat' dir='ltr'><strong>meae</strong></span> <span class='ocrx_word' id='word_1_42' title='bbox 289 1113 438 1179; x_wconf 76' lang='lat' dir='ltr'><strong>vertitur.</strong></span> <span class='ocrx_word' id='word_1_43' title='bbox 482 1112 569 1178; x_wconf 90' lang='lat' dir='ltr'><strong>Nam</strong></span> <span class='ocrx_word' id='word_1_44' title='bbox 601 1115 639 1178; x_wconf 87' lang='lat' dir='ltr'><strong>ut</strong></span> <span class='ocrx_word' id='word_1_45' title='bbox 666 1113 777 1196; x_wconf 81' lang='lat' dir='ltr'><strong>paucis</strong></span> <span class='ocrx_word' id='word_1_46' title='bbox 805 1112 1089 1198; x_wconf 88' lang='lat' dir='ltr'><strong>comprehendam,</strong></span> <span class='ocrx_word' id='word_1_47' title='bbox 1120 1134 1187 1178; x_wconf 89' lang='lat' dir='ltr'><strong>non</strong></span> <span class='ocrx_word' id='word_1_48' title='bbox 1219 1113 1314 1180; x_wconf 89' lang='lat' dir='ltr'><strong>oredo</strong></span> 
     </span>
     <span class='ocr_line' id='line_1_8' title="bbox 172 1218 1316 1306; baseline 0.003 -23"><span class='ocrx_word' id='word_1_49' title='bbox 172 1219 232 1302; x_wconf 92' lang='lat' dir='ltr'><strong>illi,</strong></span> <span class='ocrx_word' id='word_1_50' title='bbox 257 1221 342 1306; x_wconf 92' lang='lat' dir='ltr'><strong>quod</strong></span> <span class='ocrx_word' id='word_1_51' title='bbox 365 1224 435 1285; x_wconf 89' lang='lat' dir='ltr'><strong>tam</strong></span> <span class='ocrx_word' id='word_1_52' title='bbox 458 1218 630 1306; x_wconf 89' lang='lat' dir='ltr'><strong>magnifice</strong></span> <span class='ocrx_word' id='word_1_53' title='bbox 653 1219 801 1303; x_wconf 88' lang='lat' dir='ltr'><strong>iactatur,</strong></span> <span class='ocrx_word' id='word_1_54' title='bbox 825 1219 962 1285; x_wconf 88' lang='lat' dir='ltr'><strong>consilio</strong></span> <span class='ocrx_word' id='word_1_55' title='bbox 985 1219 1113 1304; x_wconf 89' lang='lat' dir='ltr'><strong>publico</strong></span> <span class='ocrx_word' id='word_1_56' title='bbox 1138 1220 1316 1286; x_wconf 87' lang='lat' dir='ltr'><strong>academia·</strong></span> 
     </span>
     <span class='ocr_line' id='line_1_9' title="bbox 159 1326 1376 1412; baseline 0.002 -23"><span class='ocrx_word' id='word_1_57' title='bbox 159 1347 244 1390; x_wconf 88' lang='lat' dir='ltr'><strong>·rum</strong></span> <span class='ocrx_word' id='word_1_58' title='bbox 267 1327 418 1392; x_wconf 88' lang='lat' dir='ltr'><strong>instituto</strong></span> <span class='ocrx_word' id='word_1_59' title='bbox 441 1327 493 1392; x_wconf 83' lang='lat' dir='ltr'><strong>rel</strong></span> <span class='ocrx_word' id='word_1_60' title='bbox 516 1349 612 1410; x_wconf 86' lang='lat' dir='ltr'><strong>posse</strong></span> <span class='ocrx_word' id='word_1_61' title='bbox 636 1326 785 1390; x_wconf 87' lang='lat' dir='ltr'><strong>satisfieri</strong></span> <span class='ocrx_word' id='word_1_62' title='bbox 804 1326 855 1390; x_wconf 92' lang='lat' dir='ltr'><strong>vel</strong></span> <span class='ocrx_word' id='word_1_63' title='bbox 873 1348 952 1409; x_wconf 87' lang='lat' dir='ltr'><strong>prae</strong></span> <span class='ocrx_word' id='word_1_64' title='bbox 974 1327 1223 1392; x_wconf 87' lang='lat' dir='ltr'><strong>universitatum</strong></span> <span class='ocrx_word' id='word_1_65' title='bbox 1246 1328 1314 1412; x_wconf 91' lang='lat' dir='ltr'><strong>qui·</strong></span> <span class='ocrx_word' id='word_1_66' title='bbox 1328 1349 1376 1392; x_wconf 87' lang='lat' dir='ltr'><strong>vn</strong></span> 
     </span>
     <span class='ocr_line' id='line_1_10' title="bbox 173 1432 1315 1519; baseline 0.003 -23"><span class='ocrx_word' id='word_1_67' title='bbox 173 1432 245 1497; x_wconf 90' lang='lat' dir='ltr'><strong>dem</strong></span> <span class='ocrx_word' id='word_1_68' title='bbox 269 1433 420 1500; x_wconf 90' lang='lat' dir='ltr'><strong>instituto</strong></span> <span class='ocrx_word' id='word_1_69' title='bbox 445 1433 596 1498; x_wconf 87' lang='lat' dir='ltr'><strong>satisfieri</strong></span> <span class='ocrx_word' id='word_1_70' title='bbox 619 1455 740 1498; x_wconf 85' lang='lat' dir='ltr'><strong>revera.</strong></span> <span class='ocrx_word' id='word_1_71' title='bbox 772 1432 865 1498; x_wconf 92' lang='lat' dir='ltr'><strong>Illinc</strong></span> <span class='ocrx_word' id='word_1_72' title='bbox 889 1437 926 1498; x_wconf 91' lang='lat' dir='ltr'><strong>ut</strong></span> <span class='ocrx_word' id='word_1_73' title='bbox 949 1433 1067 1519; x_wconf 89' lang='lat' dir='ltr'><strong>ordiar,</strong></span> <span class='ocrx_word' id='word_1_74' title='bbox 1090 1436 1140 1500; x_wconf 88' lang='lat' dir='ltr'><strong>vel</strong></span> <span class='ocrx_word' id='word_1_75' title='bbox 1163 1435 1226 1501; x_wconf 88' lang='lat' dir='ltr'><strong>hoc</strong></span> <span class='ocrx_word' id='word_1_76' title='bbox 1249 1457 1315 1500; x_wconf 88' lang='lat' dir='ltr'><strong>non</strong></span> 
     </span>
     <span class='ocr_line' id='line_1_11' title="bbox 173 1539 1315 1626; baseline 0.004 -24"><span class='ocrx_word' id='word_1_77' title='bbox 173 1541 228 1604; x_wconf 85' lang='lat' dir='ltr'><strong>est</strong></span> <span class='ocrx_word' id='word_1_78' title='bbox 242 1539 388 1624; x_wconf 82' lang='lat' dir='ltr'><strong>profecto</strong></span> <span class='ocrx_word' id='word_1_79' title='bbox 407 1539 529 1604; x_wconf 91' lang='lat' dir='ltr'><strong>nullius</strong></span> <span class='ocrx_word' id='word_1_80' title='bbox 548 1539 713 1622; x_wconf 88' lang='lat' dir='ltr'><strong>momenti,</strong></span> <span class='ocrx_word' id='word_1_81' title='bbox 734 1539 818 1624; x_wconf 91' lang='lat' dir='ltr'><strong>quod</strong></span> <span class='ocrx_word' id='word_1_82' title='bbox 837 1539 964 1605; x_wconf 74' lang='lat' dir='ltr'><strong>litteras</strong></span> <span class='ocrx_word' id='word_1_83' title='bbox 983 1540 1159 1625; x_wconf 89' lang='lat' dir='ltr'><strong>universas,</strong></span> <span class='ocrx_word' id='word_1_84' title='bbox 1179 1563 1315 1626; x_wconf 89' lang='lat' dir='ltr'><strong>quarum</strong></span> 
     </span>
     <span class='ocr_line' id='line_1_12' title="bbox 173 1645 1316 1732; baseline 0.002 -22"><span class='ocrx_word' id='word_1_85' title='bbox 173 1647 414 1712; x_wconf 83' lang='lat' dir='ltr'><strong>consociatione</strong></span> <span class='ocrx_word' id='word_1_86' title='bbox 443 1669 501 1712; x_wconf 91' lang='lat' dir='ltr'><strong>suo</strong></span> <span class='ocrx_word' id='word_1_87' title='bbox 528 1646 659 1711; x_wconf 89' lang='lat' dir='ltr'><strong>nomine</strong></span> <span class='ocrx_word' id='word_1_88' title='bbox 687 1645 804 1732; x_wconf 84' lang='lat' dir='ltr'><strong>dignae</strong></span> <span class='ocrx_word' id='word_1_89' title='bbox 838 1646 1066 1712; x_wconf 76' lang='lat' dir='ltr'><strong>universitates</strong></span> <span class='ocrx_word' id='word_1_90' title='bbox 1099 1667 1243 1731; x_wconf 84' lang='lat' dir='ltr'><strong>evasere,</strong></span> <span class='ocrx_word' id='word_1_91' title='bbox 1275 1669 1316 1712; x_wconf 87' lang='lat' dir='ltr'><strong>ne</strong></span> 
     </span>
     <span class='ocr_line' id='line_1_13' title="bbox 173 1751 1318 1840; baseline 0 -22"><span class='ocrx_word' id='word_1_92' title='bbox 173 1753 287 1819; x_wconf 87' lang='lat' dir='ltr'><strong>volunt</strong></span> <span class='ocrx_word' id='word_1_93' title='bbox 315 1754 460 1840; x_wconf 89' lang='lat' dir='ltr'><strong>quidem,</strong></span> <span class='ocrx_word' id='word_1_94' title='bbox 492 1774 575 1838; x_wconf 86' lang='lat' dir='ltr'><strong>quae</strong></span> <span class='ocrx_word' id='word_1_95' title='bbox 602 1751 699 1818; x_wconf 89' lang='lat' dir='ltr'><strong>hodie</strong></span> <span class='ocrx_word' id='word_1_96' title='bbox 728 1753 911 1817; x_wconf 83' lang='lat' dir='ltr'><strong>academiae</strong></span> <span class='ocrx_word' id='word_1_97' title='bbox 938 1751 1104 1837; x_wconf 82' lang='lat' dir='ltr'><strong>forantur,</strong></span> <span class='ocrx_word' id='word_1_98' title='bbox 1137 1754 1318 1838; x_wconf 85' lang='lat' dir='ltr'><strong>complecti,</strong></span> 
     </span>
     <span class='ocr_line' id='line_1_14' title="bbox 173 1859 1316 1945; baseline -0.001 -21"><span class='ocrx_word' id='word_1_99' title='bbox 173 1861 229 1925; x_wconf 88' lang='lat' dir='ltr'><strong>aed</strong></span> <span class='ocrx_word' id='word_1_100' title='bbox 253 1861 390 1928; x_wconf 86' lang='lat' dir='ltr'><strong>exclusis</strong></span> <span class='ocrx_word' id='word_1_101' title='bbox 414 1860 602 1945; x_wconf 90' lang='lat' dir='ltr'><strong>plerumque</strong></span> <span class='ocrx_word' id='word_1_102' title='bbox 627 1863 678 1924; x_wconf 87' lang='lat' dir='ltr'><strong>sat</strong></span> <span class='ocrx_word' id='word_1_103' title='bbox 701 1859 855 1945; x_wconf 87' lang='lat' dir='ltr'><strong>gravibus</strong></span> <span class='ocrx_word' id='word_1_104' title='bbox 879 1859 1060 1944; x_wconf 87' lang='lat' dir='ltr'><strong>disciplinis</strong></span> <span class='ocrx_word' id='word_1_105' title='bbox 1083 1859 1316 1944; x_wconf 85' lang='lat' dir='ltr'><strong>philosophicis</strong></span> 
     </span>
     <span class='ocr_line' id='line_1_15' title="bbox 174 1963 1316 2052; baseline -0.002 -21"><span class='ocrx_word' id='word_1_106' title='bbox 174 1973 207 2033; x_wconf 90' lang='lat' dir='ltr'><strong>et</strong></span> <span class='ocrx_word' id='word_1_107' title='bbox 229 1989 305 2034; x_wconf 90' lang='lat' dir='ltr'><strong>vero</strong></span> <span class='ocrx_word' id='word_1_108' title='bbox 329 1967 454 2051; x_wconf 83' lang='lat' dir='ltr'><strong>magna&#39;</strong></span> <span class='ocrx_word' id='word_1_109' title='bbox 472 1986 510 2030; x_wconf 88' lang='lat' dir='ltr'><strong>ex</strong></span> <span class='ocrx_word' id='word_1_110' title='bbox 534 1969 627 2050; x_wconf 87' lang='lat' dir='ltr'><strong>parte</strong></span> <span class='ocrx_word' id='word_1_111' title='bbox 650 1965 750 2030; x_wconf 88' lang='lat' dir='ltr'><strong>etiam</strong></span> <span class='ocrx_word' id='word_1_112' title='bbox 773 1965 906 2030; x_wconf 89' lang='lat' dir='ltr'><strong>medicis</strong></span> <span class='ocrx_word' id='word_1_113' title='bbox 930 1969 962 2029; x_wconf 90' lang='lat' dir='ltr'><strong>et</strong></span> <span class='ocrx_word' id='word_1_114' title='bbox 984 1966 1126 2031; x_wconf 91' lang='lat' dir='ltr'><strong>iuridicis</strong></span> <span class='ocrx_word' id='word_1_115' title='bbox 1152 1963 1242 2052; x_wconf 87' lang='lat' dir='ltr'><strong>(nam</strong></span> <span class='ocrx_word' id='word_1_116' title='bbox 1267 1987 1316 2030; x_wconf 86' lang='lat' dir='ltr'><strong>ex-</strong></span> 
     </span>
     <span class='ocr_line' id='line_1_16' title="bbox 174 2069 1316 2157; baseline 0 -21"><span class='ocrx_word' id='word_1_117' title='bbox 174 2073 279 2138; x_wconf 86' lang='lat' dir='ltr'><strong>clusas</strong></span> <span class='ocrx_word' id='word_1_118' title='bbox 300 2073 506 2156; x_wconf 84' lang='lat' dir='ltr'><strong>theologicas</strong></span> <span class='ocrx_word' id='word_1_119' title='bbox 529 2071 636 2138; x_wconf 90' lang='lat' dir='ltr'><strong>minus</strong></span> <span class='ocrx_word' id='word_1_120' title='bbox 661 2092 757 2156; x_wconf 85' lang='lat' dir='ltr'><strong>aegre</strong></span> <span class='ocrx_word' id='word_1_121' title='bbox 780 2069 864 2156; x_wconf 89' lang='lat' dir='ltr'><strong>fero)</strong></span> <span class='ocrx_word' id='word_1_122' title='bbox 884 2072 1129 2157; x_wconf 88' lang='lat' dir='ltr'><strong>angustioribus</strong></span> <span class='ocrx_word' id='word_1_123' title='bbox 1154 2091 1225 2138; x_wconf 88' lang='lat' dir='ltr'><strong>sese</strong></span> <span class='ocrx_word' id='word_1_124' title='bbox 1247 2072 1316 2136; x_wconf 89' lang='lat' dir='ltr'><strong>fini-</strong></span> 
     </span>
     <span class='ocr_line' id='line_1_17' title="bbox 173 2177 1317 2263; baseline -0.001 -20"><span class='ocrx_word' id='word_1_125' title='bbox 173 2179 234 2243; x_wconf 89' lang='lat' dir='ltr'><strong>bus</strong></span> <span class='ocrx_word' id='word_1_126' title='bbox 257 2178 499 2262; x_wconf 86' lang='lat' dir='ltr'><strong>historicarum,</strong></span> <span class='ocrx_word' id='word_1_127' title='bbox 523 2177 812 2263; x_wconf 87' lang='lat' dir='ltr'><strong>philologicarum,</strong></span> <span class='ocrx_word' id='word_1_128' title='bbox 839 2178 1142 2244; x_wconf 80' lang='lat' dir='ltr'><strong>mathematicorum</strong></span> <span class='ocrx_word' id='word_1_129' title='bbox 1166 2178 1317 2263; x_wconf 84' lang='lat' dir='ltr'><strong>physica-</strong></span> 
     </span>
     <span class='ocr_line' id='line_1_18' title="bbox 174 2283 1317 2372; baseline -0.002 -22"><span class='ocrx_word' id='word_1_130' title='bbox 174 2307 308 2371; x_wconf 85' lang='lat' dir='ltr'><strong>rumquo</strong></span> <span class='ocrx_word' id='word_1_131' title='bbox 335 2286 659 2369; x_wconf 87' lang='lat' dir='ltr'><strong>circumsaepserunt.</strong></span> <span class='ocrx_word' id='word_1_132' title='bbox 705 2283 767 2350; x_wconf 85' lang='lat' dir='ltr'><strong>Sed</strong></span> <span class='ocrx_word' id='word_1_133' title='bbox 791 2285 886 2350; x_wconf 89' lang='lat' dir='ltr'><strong>mitto</strong></span> <span class='ocrx_word' id='word_1_134' title='bbox 909 2307 994 2350; x_wconf 93' lang='lat' dir='ltr'><strong>nunc</strong></span> <span class='ocrx_word' id='word_1_135' title='bbox 1018 2288 1050 2350; x_wconf 85' lang='lat' dir='ltr'><strong>et</strong></span> <span class='ocrx_word' id='word_1_136' title='bbox 1072 2285 1156 2351; x_wconf 90' lang='lat' dir='ltr'><strong>hanc</strong></span> <span class='ocrx_word' id='word_1_137' title='bbox 1179 2289 1212 2350; x_wconf 88' lang='lat' dir='ltr'><strong>et</strong></span> <span class='ocrx_word' id='word_1_138' title='bbox 1236 2306 1317 2372; x_wconf 90' lang='lat' dir='ltr'><strong>quae</strong></span> 
     </span>
     <span class='ocr_line' id='line_1_19' title="bbox 175 2390 1318 2477; baseline 0 -21"><span class='ocrx_word' id='word_1_139' title='bbox 175 2393 274 2458; x_wconf 89' lang='lat' dir='ltr'><strong>etiam</strong></span> <span class='ocrx_word' id='word_1_140' title='bbox 298 2390 463 2477; x_wconf 86' lang='lat' dir='ltr'><strong>graviores</strong></span> <span class='ocrx_word' id='word_1_141' title='bbox 488 2411 620 2456; x_wconf 86' lang='lat' dir='ltr'><strong>caussae</strong></span> <span class='ocrx_word' id='word_1_142' title='bbox 644 2391 678 2455; x_wconf 88' lang='lat' dir='ltr'><strong>in</strong></span> <span class='ocrx_word' id='word_1_143' title='bbox 701 2395 855 2476; x_wconf 88' lang='lat' dir='ltr'><strong>promptu</strong></span> <span class='ocrx_word' id='word_1_144' title='bbox 880 2395 963 2476; x_wconf 90' lang='lat' dir='ltr'><strong>sunt,</strong></span> <span class='ocrx_word' id='word_1_145' title='bbox 987 2413 1044 2457; x_wconf 90' lang='lat' dir='ltr'><strong>our</strong></span> <span class='ocrx_word' id='word_1_146' title='bbox 1067 2395 1182 2477; x_wconf 88' lang='lat' dir='ltr'><strong>suapte</strong></span> <span class='ocrx_word' id='word_1_147' title='bbox 1200 2397 1318 2457; x_wconf 86' lang='lat' dir='ltr'><strong>natura</strong></span> 
     </span>
     <span class='ocr_line' id='line_1_20' title="bbox 174 2497 1317 2585; baseline 0.001 -22"><span class='ocrx_word' id='word_1_148' title='bbox 174 2520 268 2585; x_wconf 87' lang='lat' dir='ltr'><strong>pares</strong></span> <span class='ocrx_word' id='word_1_149' title='bbox 291 2519 362 2563; x_wconf 88' lang='lat' dir='ltr'><strong>esse</strong></span> <span class='ocrx_word' id='word_1_150' title='bbox 385 2497 567 2562; x_wconf 88' lang='lat' dir='ltr'><strong>academias</strong></span> <span class='ocrx_word' id='word_1_151' title='bbox 590 2499 629 2582; x_wconf 93' lang='lat' dir='ltr'><strong>ei,</strong></span> <span class='ocrx_word' id='word_1_152' title='bbox 653 2499 703 2563; x_wconf 90' lang='lat' dir='ltr'><strong>cui</strong></span> <span class='ocrx_word' id='word_1_153' title='bbox 722 2497 893 2563; x_wconf 88' lang='lat' dir='ltr'><strong>institutae</strong></span> <span class='ocrx_word' id='word_1_154' title='bbox 912 2520 981 2563; x_wconf 88' lang='lat' dir='ltr'><strong>esse</strong></span> <span class='ocrx_word' id='word_1_155' title='bbox 1000 2498 1157 2584; x_wconf 87' lang='lat' dir='ltr'><strong>feruntur,</strong></span> <span class='ocrx_word' id='word_1_156' title='bbox 1181 2499 1317 2564; x_wconf 89' lang='lat' dir='ltr'><strong>consilio</strong></span> 
     </span>
     <span class='ocr_line' id='line_1_21' title="bbox 174 2603 1317 2692; baseline 0.002 -23"><span class='ocrx_word' id='word_1_157' title='bbox 174 2627 305 2691; x_wconf 83' lang='lat' dir='ltr'><strong>negem,</strong></span> <span class='ocrx_word' id='word_1_158' title='bbox 329 2604 439 2689; x_wconf 91' lang='lat' dir='ltr'><strong>paullo</strong></span> <span class='ocrx_word' id='word_1_159' title='bbox 463 2607 539 2689; x_wconf 88' lang='lat' dir='ltr'><strong>post</strong></span> <span class='ocrx_word' id='word_1_160' title='bbox 561 2603 624 2670; x_wconf 88' lang='lat' dir='ltr'><strong>huo</strong></span> <span class='ocrx_word' id='word_1_161' title='bbox 646 2625 840 2671; x_wconf 88' lang='lat' dir='ltr'><strong>reversurus.</strong></span> <span class='ocrx_word' id='word_1_162' title='bbox 887 2604 1010 2681; x_wconf 80' lang='lat' dir='ltr'><strong>Quodsi</strong></span> <span class='ocrx_word' id='word_1_163' title='bbox 1032 2627 1130 2690; x_wconf 90' lang='lat' dir='ltr'><strong>nuno,</strong></span> <span class='ocrx_word' id='word_1_164' title='bbox 1152 2628 1218 2671; x_wconf 91' lang='lat' dir='ltr'><strong>non</strong></span> <span class='ocrx_word' id='word_1_165' title='bbox 1242 2605 1317 2692; x_wconf 90' lang='lat' dir='ltr'><strong>quid</strong></span> 
     </span>
     <span class='ocr_line' id='line_1_22' title="bbox 174 2711 1319 2797; baseline 0.001 -21"><span class='ocrx_word' id='word_1_166' title='bbox 174 2711 226 2776; x_wconf 84' lang='lat' dir='ltr'><strong>vel</strong></span> <span class='ocrx_word' id='word_1_167' title='bbox 249 2711 380 2796; x_wconf 85' lang='lat' dir='ltr'><strong>possint</strong></span> <span class='ocrx_word' id='word_1_168' title='bbox 398 2712 449 2776; x_wconf 90' lang='lat' dir='ltr'><strong>vel</strong></span> <span class='ocrx_word' id='word_1_169' title='bbox 473 2733 539 2777; x_wconf 92' lang='lat' dir='ltr'><strong>non</strong></span> <span class='ocrx_word' id='word_1_170' title='bbox 561 2711 689 2795; x_wconf 89' lang='lat' dir='ltr'><strong>possint</strong></span> <span class='ocrx_word' id='word_1_171' title='bbox 711 2715 887 2795; x_wconf 82' lang='lat' dir='ltr'><strong>praestare,</strong></span> <span class='ocrx_word' id='word_1_172' title='bbox 911 2711 966 2776; x_wconf 91' lang='lat' dir='ltr'><strong>sed</strong></span> <span class='ocrx_word' id='word_1_173' title='bbox 991 2711 1068 2795; x_wconf 91' lang='lat' dir='ltr'><strong>quid</strong></span> <span class='ocrx_word' id='word_1_174' title='bbox 1093 2713 1319 2797; x_wconf 89' lang='lat' dir='ltr'><strong>praestiterint</strong></span> 
     </span>
     <span class='ocr_line' id='line_1_23' title="bbox 175 2817 1318 2902; baseline 0 -20"><span class='ocrx_word' id='word_1_175' title='bbox 175 2823 208 2883; x_wconf 88' lang='lat' dir='ltr'><strong>et</strong></span> <span class='ocrx_word' id='word_1_176' title='bbox 230 2821 396 2902; x_wconf 88' lang='lat' dir='ltr'><strong>praestent</strong></span> <span class='ocrx_word' id='word_1_177' title='bbox 418 2817 611 2902; x_wconf 89' lang='lat' dir='ltr'><strong>quaerimus,</strong></span> <span class='ocrx_word' id='word_1_178' title='bbox 635 2817 778 2882; x_wconf 90' lang='lat' dir='ltr'><strong>omnium</strong></span> <span class='ocrx_word' id='word_1_179' title='bbox 803 2817 943 2902; x_wconf 91' lang='lat' dir='ltr'><strong>primum</strong></span> <span class='ocrx_word' id='word_1_180' title='bbox 968 2818 1081 2902; x_wconf 89' lang='lat' dir='ltr'><strong>procul</strong></span> <span class='ocrx_word' id='word_1_181' title='bbox 1100 2818 1250 2884; x_wconf 87' lang='lat' dir='ltr'><strong>habenda</strong></span> <span class='ocrx_word' id='word_1_182' title='bbox 1269 2821 1318 2882; x_wconf 88' lang='lat' dir='ltr'><strong>est</strong></span> 
     </span>
     <span class='ocr_line' id='line_1_24' title="bbox 175 2923 1317 3009; baseline -0.001 -20"><span class='ocrx_word' id='word_1_183' title='bbox 175 2925 244 2989; x_wconf 91' lang='lat' dir='ltr'><strong>eius</strong></span> <span class='ocrx_word' id='word_1_184' title='bbox 268 2924 451 2990; x_wconf 89' lang='lat' dir='ltr'><strong>academiae</strong></span> <span class='ocrx_word' id='word_1_185' title='bbox 474 2924 689 3008; x_wconf 89' lang='lat' dir='ltr'><strong>comparatio,</strong></span> <span class='ocrx_word' id='word_1_186' title='bbox 718 2947 737 2988; x_wconf 92' lang='lat' dir='ltr'><strong>a</strong></span> <span class='ocrx_word' id='word_1_187' title='bbox 760 2924 850 2989; x_wconf 90' lang='lat' dir='ltr'><strong>cuius</strong></span> <span class='ocrx_word' id='word_1_188' title='bbox 875 2924 1020 3008; x_wconf 81' lang='lat' dir='ltr'><strong>exemplo</strong></span> <span class='ocrx_word' id='word_1_189' title='bbox 1045 2927 1078 2988; x_wconf 89' lang='lat' dir='ltr'><strong>et</strong></span> <span class='ocrx_word' id='word_1_190' title='bbox 1101 2923 1208 3009; x_wconf 88' lang='lat' dir='ltr'><strong>effigie</strong></span> <span class='ocrx_word' id='word_1_191' title='bbox 1231 2927 1317 2988; x_wconf 87' lang='lat' dir='ltr'><strong>recte</strong></span> 
     </span>
     <span class='ocr_line' id='line_1_25' title="bbox 174 3030 1318 3117; baseline -0.002 -21"><span class='ocrx_word' id='word_1_192' title='bbox 174 3035 377 3117; x_wconf 89' lang='lat' dir='ltr'><strong>repetuntur,</strong></span> <span class='ocrx_word' id='word_1_193' title='bbox 408 3034 568 3116; x_wconf 87' lang='lat' dir='ltr'><strong>quotquot</strong></span> <span class='ocrx_word' id='word_1_194' title='bbox 599 3030 633 3094; x_wconf 90' lang='lat' dir='ltr'><strong>in</strong></span> <span class='ocrx_word' id='word_1_195' title='bbox 656 3034 768 3095; x_wconf 88' lang='lat' dir='ltr'><strong>nostra</strong></span> <span class='ocrx_word' id='word_1_196' title='bbox 791 3031 898 3115; x_wconf 88' lang='lat' dir='ltr'><strong>patria</strong></span> <span class='ocrx_word' id='word_1_197' title='bbox 921 3030 1069 3111; x_wconf 86' lang='lat' dir='ltr'><strong>conditae</strong></span> <span class='ocrx_word' id='word_1_198' title='bbox 1093 3033 1169 3095; x_wconf 90' lang='lat' dir='ltr'><strong>sunt</strong></span> <span class='ocrx_word' id='word_1_199' title='bbox 1191 3033 1224 3094; x_wconf 88' lang='lat' dir='ltr'><strong>et</strong></span> <span class='ocrx_word' id='word_1_200' title='bbox 1246 3030 1318 3094; x_wconf 89' lang='lat' dir='ltr'><strong>imi-</strong></span> 
     </span>
     <span class='ocr_line' id='line_1_26' title="bbox 174 3135 1318 3222; baseline -0.003 -18"><span class='ocrx_word' id='word_1_201' title='bbox 174 3138 273 3204; x_wconf 90' lang='lat' dir='ltr'><strong>tando</strong></span> <span class='ocrx_word' id='word_1_202' title='bbox 300 3139 472 3203; x_wconf 84' lang='lat' dir='ltr'><strong>formatae:</strong></span> <span class='ocrx_word' id='word_1_203' title='bbox 506 3158 603 3222; x_wconf 88' lang='lat' dir='ltr'><strong>quam</strong></span> <span class='ocrx_word' id='word_1_204' title='bbox 631 3158 702 3202; x_wconf 86' lang='lat' dir='ltr'><strong>esse</strong></span> <span class='ocrx_word' id='word_1_205' title='bbox 726 3135 1006 3222; x_wconf 82' lang='lat' dir='ltr'><strong>Francogallioam</strong></span> <span class='ocrx_word' id='word_1_206' title='bbox 1037 3140 1182 3220; x_wconf 88' lang='lat' dir='ltr'><strong>constat,</strong></span> <span class='ocrx_word' id='word_1_207' title='bbox 1214 3136 1318 3201; x_wconf 83' lang='lat' dir='ltr'><strong>iustos</strong></span> 
     </span>
     <span class='ocr_line' id='line_1_27' title="bbox 175 3241 1319 3329; baseline -0.003 -19"><span class='ocrx_word' id='word_1_208' title='bbox 175 3267 246 3310; x_wconf 89' lang='lat' dir='ltr'><strong>eam</strong></span> <span class='ocrx_word' id='word_1_209' title='bbox 274 3245 414 3310; x_wconf 89' lang='lat' dir='ltr'><strong>honores</strong></span> <span class='ocrx_word' id='word_1_210' title='bbox 443 3247 648 3309; x_wconf 87' lang='lat' dir='ltr'><strong>consecutam</strong></span> <span class='ocrx_word' id='word_1_211' title='bbox 677 3247 724 3315; x_wconf 85' lang='lat' dir='ltr'><strong>et¹</strong></span> <span class='ocrx_word' id='word_1_212' title='bbox 742 3243 852 3309; x_wconf 86' lang='lat' dir='ltr'><strong>debita</strong></span> <span class='ocrx_word' id='word_1_213' title='bbox 874 3244 980 3329; x_wconf 90' lang='lat' dir='ltr'><strong>gloria</strong></span> <span class='ocrx_word' id='word_1_214' title='bbox 1002 3243 1172 3308; x_wconf 87' lang='lat' dir='ltr'><strong>fruentem.</strong></span> <span class='ocrx_word' id='word_1_215' title='bbox 1217 3241 1319 3326; x_wconf 83' lang='lat' dir='ltr'><strong>Atqui</strong></span> 
     </span>
     <span class='ocr_line' id='line_1_28' title="bbox 175 3347 1406 3436; baseline -0.003 -20"><span class='ocrx_word' id='word_1_216' title='bbox 175 3373 239 3416; x_wconf 88' lang='lat' dir='ltr'><strong>non</strong></span> <span class='ocrx_word' id='word_1_217' title='bbox 264 3351 370 3415; x_wconf 91' lang='lat' dir='ltr'><strong>minus</strong></span> <span class='ocrx_word' id='word_1_218' title='bbox 394 3353 523 3415; x_wconf 87' lang='lat' dir='ltr'><strong>constat</strong></span> <span class='ocrx_word' id='word_1_219' title='bbox 545 3349 579 3413; x_wconf 89' lang='lat' dir='ltr'><strong>in</strong></span> <span class='ocrx_word' id='word_1_220' title='bbox 597 3347 826 3434; x_wconf 87' lang='lat' dir='ltr'><strong>Franoogallia</strong></span> <span class='ocrx_word' id='word_1_221' title='bbox 850 3349 978 3435; x_wconf 89' lang='lat' dir='ltr'><strong>quidem</strong></span> <span class='ocrx_word' id='word_1_222' title='bbox 1002 3351 1134 3436; x_wconf 87' lang='lat' dir='ltr'><strong>ingenio</strong></span> <span class='ocrx_word' id='word_1_223' title='bbox 1157 3349 1317 3414; x_wconf 87' lang='lat' dir='ltr'><strong>doctrina·</strong></span> <span class='ocrx_word' id='word_1_224' title='bbox 1402 3359 1406 3373; x_wconf 86' lang='lat'>&#39;</span> 
     </span>
     <span class='ocr_line' id='line_1_29' title="bbox 175 3454 1319 3541; baseline -0.002 -20"><span class='ocrx_word' id='word_1_225' title='bbox 175 3479 237 3541; x_wconf 90' lang='lat' dir='ltr'><strong>que</strong></span> <span class='ocrx_word' id='word_1_226' title='bbox 265 3455 456 3519; x_wconf 86' lang='lat' dir='ltr'><strong>excellentes</strong></span> <span class='ocrx_word' id='word_1_227' title='bbox 485 3454 633 3521; x_wconf 84' lang='lat' dir='ltr'><strong>homines</strong></span> <span class='ocrx_word' id='word_1_228' title='bbox 666 3459 699 3520; x_wconf 89' lang='lat' dir='ltr'><strong>et</strong></span> <span class='ocrx_word' id='word_1_229' title='bbox 734 3458 900 3541; x_wconf 90' lang='lat' dir='ltr'><strong>tamquam</strong></span> <span class='ocrx_word' id='word_1_230' title='bbox 934 3457 1042 3540; x_wconf 89' lang='lat' dir='ltr'><strong>capita</strong></span> <span class='ocrx_word' id='word_1_231' title='bbox 1075 3457 1257 3522; x_wconf 78' lang='lat' dir='ltr'><strong>litterarum</strong></span> <span class='ocrx_word' id='word_1_232' title='bbox 1286 3455 1319 3519; x_wconf 90' lang='lat' dir='ltr'><strong>in</strong></span> 
     </span>
     <span class='ocr_line' id='line_1_30' title="bbox 175 3560 1322 3648; baseline -0.001 -21"><span class='ocrx_word' id='word_1_233' title='bbox 175 3583 273 3627; x_wconf 91' lang='lat' dir='ltr'><strong>unam</strong></span> <span class='ocrx_word' id='word_1_234' title='bbox 295 3560 362 3625; x_wconf 87' lang='lat' dir='ltr'><strong>fere</strong></span> <span class='ocrx_word' id='word_1_235' title='bbox 386 3561 497 3625; x_wconf 90' lang='lat' dir='ltr'><strong>urbem</strong></span> <span class='ocrx_word' id='word_1_236' title='bbox 521 3565 650 3628; x_wconf 89' lang='lat' dir='ltr'><strong>coactos</strong></span> <span class='ocrx_word' id='word_1_237' title='bbox 674 3583 753 3646; x_wconf 88' lang='lat' dir='ltr'><strong>esse,</strong></span> <span class='ocrx_word' id='word_1_238' title='bbox 776 3583 858 3646; x_wconf 88' lang='lat' dir='ltr'><strong>quae</strong></span> <span class='ocrx_word' id='word_1_239' title='bbox 882 3584 954 3626; x_wconf 88' lang='lat' dir='ltr'><strong>cum</strong></span> <span class='ocrx_word' id='word_1_240' title='bbox 974 3563 1076 3648; x_wconf 88' lang='lat' dir='ltr'><strong>ipsius</strong></span> <span class='ocrx_word' id='word_1_241' title='bbox 1095 3567 1202 3628; x_wconf 87' lang='lat' dir='ltr'><strong>terrae</strong></span> <span class='ocrx_word' id='word_1_242' title='bbox 1223 3567 1322 3647; x_wconf 85' lang='lat' dir='ltr'><strong>caput</strong></span> 
     </span>
     <span class='ocr_line' id='line_1_31' title="bbox 176 3667 1319 3756; baseline 0 -23"><span class='ocrx_word' id='word_1_243' title='bbox 176 3669 228 3753; x_wconf 88' lang='lat' dir='ltr'><strong>sit,</strong></span> <span class='ocrx_word' id='word_1_244' title='bbox 251 3667 493 3752; x_wconf 88' lang='lat' dir='ltr'><strong>disciplinarum</strong></span> <span class='ocrx_word' id='word_1_245' title='bbox 517 3668 552 3733; x_wconf 90' lang='lat' dir='ltr'><strong>in</strong></span> <span class='ocrx_word' id='word_1_246' title='bbox 571 3690 605 3733; x_wconf 87' lang='lat' dir='ltr'><strong>se</strong></span> <span class='ocrx_word' id='word_1_247' title='bbox 624 3668 734 3753; x_wconf 90' lang='lat' dir='ltr'><strong>copias</strong></span> <span class='ocrx_word' id='word_1_248' title='bbox 754 3690 865 3734; x_wconf 87' lang='lat' dir='ltr'><strong>omnes</strong></span> <span class='ocrx_word' id='word_1_249' title='bbox 885 3669 1053 3753; x_wconf 85' lang='lat' dir='ltr'><strong>complexa</strong></span> <span class='ocrx_word' id='word_1_250' title='bbox 1071 3693 1147 3736; x_wconf 87' lang='lat' dir='ltr'><strong>vera</strong></span> <span class='ocrx_word' id='word_1_251' title='bbox 1167 3673 1200 3736; x_wconf 86' lang='lat' dir='ltr'><strong>et</strong></span> <span class='ocrx_word' id='word_1_252' title='bbox 1219 3691 1319 3756; x_wconf 91' lang='lat' dir='ltr'><strong>prope</strong></span> 
     </span>
     <span class='ocr_line' id='line_1_32' title="bbox 176 3774 1317 3863; baseline 0.001 -24"><span class='ocrx_word' id='word_1_253' title='bbox 176 3797 240 3840; x_wconf 89' lang='lat' dir='ltr'><strong>una</strong></span> <span class='ocrx_word' id='word_1_254' title='bbox 272 3775 391 3840; x_wconf 86' lang='lat' dir='ltr'><strong>artium</strong></span> <span class='ocrx_word' id='word_1_255' title='bbox 424 3774 672 3860; x_wconf 86' lang='lat' dir='ltr'><strong>litterarumque</strong></span> <span class='ocrx_word' id='word_1_256' title='bbox 705 3775 796 3840; x_wconf 89' lang='lat' dir='ltr'><strong>sedes</strong></span> <span class='ocrx_word' id='word_1_257' title='bbox 829 3779 947 3860; x_wconf 84' lang='lat' dir='ltr'><strong>exstet,</strong></span> <span class='ocrx_word' id='word_1_258' title='bbox 979 3777 1179 3863; x_wconf 89' lang='lat' dir='ltr'><strong>emergentia</strong></span> <span class='ocrx_word' id='word_1_259' title='bbox 1209 3781 1317 3842; x_wconf 91' lang='lat' dir='ltr'><strong>autem</strong></span> 
     </span>
     <span class='ocr_line' id='line_1_33' title="bbox 174 3879 1318 3968; baseline 0 -22"><span class='ocrx_word' id='word_1_260' title='bbox 174 3905 232 3966; x_wconf 93' lang='lat' dir='ltr'><strong>per</strong></span> <span class='ocrx_word' id='word_1_261' title='bbox 259 3879 444 3968; x_wconf 87' lang='lat' dir='ltr'><strong>provincias</strong></span> <span class='ocrx_word' id='word_1_262' title='bbox 473 3879 604 3966; x_wconf 88' lang='lat' dir='ltr'><strong>ingenia</strong></span> <span class='ocrx_word' id='word_1_263' title='bbox 633 3881 786 3946; x_wconf 88' lang='lat' dir='ltr'><strong>continuo</strong></span> <span class='ocrx_word' id='word_1_264' title='bbox 813 3880 934 3946; x_wconf 89' lang='lat' dir='ltr'><strong>haustu</strong></span> <span class='ocrx_word' id='word_1_265' title='bbox 964 3883 1101 3948; x_wconf 85' lang='lat' dir='ltr'><strong>asciscat</strong></span> <span class='ocrx_word' id='word_1_266' title='bbox 1131 3903 1253 3967; x_wconf 89' lang='lat' dir='ltr'><strong>suoque</strong></span> <span class='ocrx_word' id='word_1_267' title='bbox 1283 3883 1318 3946; x_wconf 91' lang='lat' dir='ltr'><strong>in</strong></span> 
     </span>
     <span class='ocr_line' id='line_1_34' title="bbox 176 3987 1319 4084; baseline -0.002 -32"><span class='ocrx_word' id='word_1_268' title='bbox 176 3989 248 4054; x_wconf 89' lang='lat' dir='ltr'><strong>sinu</strong></span> <span class='ocrx_word' id='word_1_269' title='bbox 272 3987 423 4084; x_wconf 56' lang='lat' dir='ltr'><strong>recipiatj</strong></span> <span class='ocrx_word' id='word_1_270' title='bbox 445 3990 561 4052; x_wconf 90' lang='lat' dir='ltr'><strong>contra</strong></span> <span class='ocrx_word' id='word_1_271' title='bbox 584 3987 824 4072; x_wconf 76' lang='lat' dir='ltr'><strong>universitates,</strong></span> <span class='ocrx_word' id='word_1_272' title='bbox 847 3988 968 4052; x_wconf 88' lang='lat' dir='ltr'><strong>nostris</strong></span> <span class='ocrx_word' id='word_1_273' title='bbox 992 3989 1120 4073; x_wconf 92' lang='lat' dir='ltr'><strong>quidem</strong></span> <span class='ocrx_word' id='word_1_274' title='bbox 1144 3989 1195 4054; x_wconf 91' lang='lat' dir='ltr'><strong>vel</strong></span> <span class='ocrx_word' id='word_1_275' title='bbox 1214 3987 1319 4072; x_wconf 87' lang='lat' dir='ltr'><strong>digni-</strong></span> 
     </span>
     <span class='ocr_line' id='line_1_35' title="bbox 175 4093 1319 4179; baseline -0.003 -19"><span class='ocrx_word' id='word_1_276' title='bbox 175 4098 244 4160; x_wconf 77' lang='lat' dir='ltr'><strong>tate</strong></span> <span class='ocrx_word' id='word_1_277' title='bbox 267 4115 361 4178; x_wconf 85' lang='lat' dir='ltr'><strong>paras</strong></span> <span class='ocrx_word' id='word_1_278' title='bbox 385 4094 437 4157; x_wconf 90' lang='lat' dir='ltr'><strong>vel</strong></span> <span class='ocrx_word' id='word_1_279' title='bbox 460 4094 597 4176; x_wconf 74' lang='lat' dir='ltr'><strong>consilio</strong></span> <span class='ocrx_word' id='word_1_280' title='bbox 622 4094 754 4178; x_wconf 89' lang='lat' dir='ltr'><strong>similes,</strong></span> <span class='ocrx_word' id='word_1_281' title='bbox 777 4095 894 4159; x_wconf 89' lang='lat' dir='ltr'><strong>necin</strong></span> <span class='ocrx_word' id='word_1_282' title='bbox 917 4095 1094 4179; x_wconf 92' lang='lat' dir='ltr'><strong>provinciis</strong></span> <span class='ocrx_word' id='word_1_283' title='bbox 1117 4115 1177 4159; x_wconf 89' lang='lat' dir='ltr'><strong>nec</strong></span> <span class='ocrx_word' id='word_1_284' title='bbox 1195 4093 1230 4157; x_wconf 90' lang='lat' dir='ltr'><strong>in</strong></span> <span class='ocrx_word' id='word_1_285' title='bbox 1247 4094 1319 4177; x_wconf 91' lang='lat' dir='ltr'><strong>ipsa</strong></span> 
     </span>
     <span class='ocr_line' id='line_1_36' title="bbox 176 4199 1315 4286; baseline 0 -22"><span class='ocrx_word' id='word_1_286' title='bbox 176 4201 254 4266; x_wconf 91' lang='lat' dir='ltr'><strong>urbe</strong></span> <span class='ocrx_word' id='word_1_287' title='bbox 284 4203 410 4264; x_wconf 87' lang='lat' dir='ltr'><strong>exstare</strong></span> <span class='ocrx_word' id='word_1_288' title='bbox 441 4200 583 4265; x_wconf 91' lang='lat' dir='ltr'><strong>omnino.</strong></span> <span class='ocrx_word' id='word_1_289' title='bbox 630 4199 658 4264; x_wconf 85' lang='grc' dir='ltr'><strong>Α</strong></span> <span class='ocrx_word' id='word_1_290' title='bbox 691 4223 755 4286; x_wconf 90' lang='lat' dir='ltr'><strong>qua</strong></span> <span class='ocrx_word' id='word_1_291' title='bbox 784 4201 973 4266; x_wconf 87' lang='lat' dir='ltr'><strong>condicione</strong></span> <span class='ocrx_word' id='word_1_292' title='bbox 1002 4201 1238 4267; x_wconf 88' lang='lat' dir='ltr'><strong>diversissimas</strong></span> <span class='ocrx_word' id='word_1_293' title='bbox 1267 4222 1315 4264; x_wconf 88' lang='lat' dir='ltr'><strong>ra·</strong></span> 
     </span>
     <span class='ocr_line' id='line_1_37' title="bbox 176 4305 1318 4393; baseline -0.001 -21"><span class='ocrx_word' id='word_1_294' title='bbox 176 4307 283 4372; x_wconf 88' lang='lat' dir='ltr'><strong>tiones</strong></span> <span class='ocrx_word' id='word_1_295' title='bbox 305 4305 462 4372; x_wconf 90' lang='lat' dir='ltr'><strong>habemus</strong></span> <span class='ocrx_word' id='word_1_296' title='bbox 486 4305 571 4392; x_wconf 90' lang='lat' dir='ltr'><strong>quod</strong></span> <span class='ocrx_word' id='word_1_297' title='bbox 598 4306 694 4370; x_wconf 89' lang='lat' dir='ltr'><strong>nobis</strong></span> <span class='ocrx_word' id='word_1_298' title='bbox 718 4309 927 4389; x_wconf 85' lang='lat' dir='ltr'><strong>gratulemur.</strong></span> <span class='ocrx_word' id='word_1_299' title='bbox 971 4307 1061 4373; x_wconf 92' lang='lat' dir='ltr'><strong>Inter</strong></span> <span class='ocrx_word' id='word_1_300' title='bbox 1084 4330 1164 4393; x_wconf 89' lang='lat' dir='ltr'><strong>quos</strong></span> <span class='ocrx_word' id='word_1_301' title='bbox 1189 4332 1208 4374; x_wconf 90' lang='lat' dir='ltr'><strong>a</strong></span> <span class='ocrx_word' id='word_1_302' title='bbox 1230 4308 1318 4393; x_wconf 88' lang='lat' dir='ltr'><strong>prin·</strong></span> 
     </span>
     <span class='ocr_line' id='line_1_38' title="bbox 176 4410 1319 4498; baseline 0 -20"><span class='ocrx_word' id='word_1_303' title='bbox 176 4415 261 4498; x_wconf 88' lang='lat' dir='ltr'><strong>cipio</strong></span> <span class='ocrx_word' id='word_1_304' title='bbox 285 4413 500 4497; x_wconf 85' lang='lat' dir='ltr'><strong>aequabiliter</strong></span> <span class='ocrx_word' id='word_1_305' title='bbox 521 4433 579 4497; x_wconf 87' lang='lat' dir='ltr'><strong>per</strong></span> <span class='ocrx_word' id='word_1_306' title='bbox 597 4413 765 4476; x_wconf 84' lang='lat' dir='ltr'><strong>universae</strong></span> <span class='ocrx_word' id='word_1_307' title='bbox 780 4410 973 4478; x_wconf 86' lang='lat' dir='ltr'><strong>Germaniae</strong></span> <span class='ocrx_word' id='word_1_308' title='bbox 996 4415 1189 4498; x_wconf 84' lang='lat' dir='ltr'><strong>provincias,</strong></span> <span class='ocrx_word' id='word_1_309' title='bbox 1213 4415 1319 4498; x_wconf 85' lang='lat' dir='ltr'><strong>urbes,</strong></span> 
     </span>
    </p>
   </div>
   <div class='ocr_carea' id='block_1_3' title="bbox 176 4516 1320 4677">
    <p class='ocr_par' dir='ltr' id='par_1_3' title="bbox 176 4516 1320 4677">
     <span class='ocr_line' id='line_1_39' title="bbox 176 4516 1320 4605; baseline -0.001 -20"><span class='ocrx_word' id='word_1_310' title='bbox 176 4519 295 4605; x_wconf 88' lang='lat' dir='ltr'><strong>oppida</strong></span> <span class='ocrx_word' id='word_1_311' title='bbox 322 4519 420 4602; x_wconf 89' lang='lat' dir='ltr'><strong>longe</strong></span> <span class='ocrx_word' id='word_1_312' title='bbox 447 4519 575 4602; x_wconf 86' lang='lat' dir='ltr'><strong>lateque</strong></span> <span class='ocrx_word' id='word_1_313' title='bbox 604 4516 815 4582; x_wconf 88' lang='lat' dir='ltr'><strong>disseminata</strong></span> <span class='ocrx_word' id='word_1_314' title='bbox 844 4519 991 4584; x_wconf 88' lang='lat' dir='ltr'><strong>doctrina</strong></span> <span class='ocrx_word' id='word_1_315' title='bbox 1021 4540 1086 4585; x_wconf 89' lang='lat' dir='ltr'><strong>non</strong></span> <span class='ocrx_word' id='word_1_316' title='bbox 1109 4519 1206 4584; x_wconf 90' lang='lat' dir='ltr'><strong>modo</strong></span> <span class='ocrx_word' id='word_1_317' title='bbox 1230 4521 1320 4584; x_wconf 88' lang='lat' dir='ltr'><strong>nulla</strong></span> 
     </span>
     <span class='ocr_line' id='line_1_40' title="bbox 1053 4623 1107 4677; baseline 0.019 -1"><span class='ocrx_word' id='word_1_318' title='bbox 1053 4623 1107 4677; x_wconf 76' lang='lat'><strong>43·</strong></span> 
     </span>
    </p>
   </div>
   <div class='ocr_carea' id='block_1_4' title="bbox 0 0 1662 5076">
    <p class='ocr_par' dir='ltr' id='par_1_4' title="bbox 0 0 1662 5076">
     <span class='ocr_line' id='line_1_41' title="bbox 0 0 1662 5076; baseline 0 0"><span class='ocrx_word' id='word_1_319' title='bbox 0 0 1662 5076; x_wconf 95' lang='lat' dir='ltr'><strong> </strong></span> 
     </span>
    </p>
   </div>
  </div>
 </body>
</html>
