3306 5070
476 411 775 462 eanrunarronau
798 413 872 461 uun
896 400 1105 462 lnunronna.
1295 395 1359 461 703

211 557 373 640 posuisse,
408 555 461 620 vix
491 559 529 622 ut
558 556 774 624 nobilioribus
804 556 957 640 exemplis
988 578 1141 640 umquam
1174 557 1358 620 enituerint.

214 662 423 747 Eandemque
446 664 660 730 meminimus·
675 685 747 728 aum
771 664 931 729 maiorum
955 667 1061 728 aetate
1084 663 1268 728 liberalium
1291 667 1358 727 stu·

212 769 337 834 diorum
362 769 514 834 stabilem
538 771 646 835 sedem
669 775 856 855 certumque
879 769 1077 834 domicilium
1101 789 1180 851 esse,
1204 773 1273 833 tum
1297 767 1358 833 Oa-

212 876 283 941 rolo
307 877 456 961 Augusto
480 879 688 963 potissimum
712 878 856 963 glorioso
880 876 960 944 duce
983 881 1081 962 atque
1104 875 1233 959 auspice
1256 875 1357 940 tantis

210 983 314 1067 copiis
347 988 380 1048 et
412 984 610 1066 optimarum
648 985 767 1048 artium
800 987 833 1048 et
864 983 1069 1068 ingeniorum
1101 981 1356 1048 cultissimorum

210 1083 357 1172 affluere,
385 1087 459 1153 inde
482 1093 533 1173 ut,
562 1089 654 1174 quasi
678 1112 718 1154 ex
740 1091 903 1155 uberrimo
926 1090 1018 1155 fonte
1041 1087 1358 1174 benignos'rivulos,

210 1193 245 1256 in
275 1197 399 1258 ceteras
428 1195 622 1262 Germaniae
650 1201 761 1280 partes
793 1195 958 1281 politioris
987 1195 1201 1261 humanitatis
1234 1195 1357 1259 fructus

209 1298 405 1366 redundasse
433 1305 528 1385 grata
554 1303 746 1368 testificetur
775 1302 963 1389 posteritas.
1015 1301 1096 1366 Tam
1127 1321 1219 1367 rarae
1253 1301 1355 1388 igitur

211 1409 341 1492 tamque
370 1412 477 1472 certae
506 1409 612 1474 laudis
642 1409 815 1476 admiratio
838 1408 934 1476 facile
957 1409 1072 1492 effecit,
1095 1412 1132 1473 ut
1154 1411 1356 1494 praesentem

126 1555 137 1572 .
209 1512 400 1578 felicitatem
432 1513 584 1580 Vestram
616 1537 681 1582 nou
714 1519 843 1580 tantum
876 1514 975 1580 officii
1007 1537 1136 1598 caussa,
1168 1514 1253 1600 quod
1286 1535 1356 1580 csse

209 1621 451 1686 sanctissimum
480 1623 651 1705 sentimus,
679 1623 734 1688 sed
763 1643 802 1686 ex
831 1622 931 1688 animi
960 1623 1124 1687 sententia
1150 1620 1253 1686 Vobis
1282 1641 1357 1686 con·

210 1728 421 1812 gratulemur,
444 1727 613 1813 Deumque
632 1728 800 1814 Optimum
819 1727 1006 1812 Maximum,
1030 1729 1077 1792 uti
1101 1727 1269 1792 fundatam
1289 1749 1355 1791 ma·

207 1833 303 1898 rimis
327 1834 495 1900 laboribus
519 1836 722 1920 plurimaque
745 1835 865 1900 virtute
885 1833 1066 1898 stabilitam
1084 1833 1250 1898 Musarum
1271 1833 1355 1898 sedis

209 1939 347 2006 Vestrae
372 1941 510 2024 gloriam
535 1942 649 2025 tutari,
680 1961 810 2026 augere,
837 1945 1029 2026 perpetuare
1057 1940 1145 2023 velit,
1170 1939 1257 2004 omni
1281 1939 1357 2004 reli-

167 2054 171 2060 '
208 2047 305 2130 gione
340 2068 589 2132 comprecemur.
634 2046 742 2132 Atque
775 2069 848 2112 oum
881 2046 1082 2112 celebrandis
1114 2067 1134 2110 a
1161 2045 1265 2110 Vobis
1297 2067 1355 2130 per
1406 2061 1410 2068 ·

207 2153 374 2236 proximos
402 2153 471 2218 dies
499 2153 599 2218 sacris
630 2153 850 2241 saecularibus
882 2152 949 2217 iam
980 2174 1080 2236 nunc,
1113 2153 1199 2238 quod
1233 2153 1354 2218 bonum

207 2247 350 2324 faustum
382 2259 460 2325 felix
494 2261 760 2344 fortunatumque
793 2259 854 2343 sit,
887 2259 1085 2344 praefamur,
1122 2262 1191 2324 tum
1223 2259 1353 2324 eosdem

208 2365 309 2430 animi
334 2387 447 2431 sensus
471 2367 526 2450 qui
551 2367 648 2430 etiam
672 2387 781 2430 coram
796 2365 899 2432 Vobis
918 2369 1030 2430 nostro
1050 2365 1181 2430 nomine
1205 2370 1353 2447 testetur,
1417 2423 1427 2444 ,

208 2471 353 2555 legatum
377 2473 595 2538 academicum
613 2473 654 2537 ad
673 2469 740 2537 Vos
765 2472 913 2537 misimus
933 2472 966 2537 l‘.
986 2471 1023 2535 Β.
1042 2473 1198 2554 nostrum,
1221 2471 1352 2536 Ordinis

207 2577 505 2644 Iureconsultorum
534 2578 565 2643 h.
592 2581 616 2642 t.
643 2577 801 2643 decanum
830 2578 1030 2662 eundemque
1061 2581 1258 2643 senatorem:
1290 2599 1353 2662 quo

207 2691 378 2767 praesente
405 2686 658 2769 praesentiorem
688 2706 726 2749 ex
753 2685 839 2749 testa
866 2685 994 2749 laetitia
1020 2683 1161 2749 fructum
1190 2705 1250 2749 nos
1282 2703 1352 2768 per-

208 2794 359 2874 cepturos
388 2792 585 2856 confidimus.
631 2790 749 2856 Valete
772 2811 886 2876 resque
908 2795 1038 2857 nostras
1062 2789 1167 2856 Vobis
1190 2811 1351 2855 commen·

181 2907 185 2920 '
208 2895 302 2962 dates
325 2897 453 2963 habete.

297 3019 419 3086 Datum
442 3021 576 3087 Bonnae
599 3020 684 3087 Non.
708 3020 791 3106 Aug.
817 3045 844 3086 a.
868 3037 1081 3087 moccoavnr.

675 3253 883 3262 m.-.

768 3431 797 3494 l.

208 3563 645 3637 Gratulationsadresse
670 3572 735 3637 der
759 3572 910 3636 Bonner
932 3569 1180 3636 Universitbt
1203 3594 1245 3637 au
1269 3572 1351 3637 dem

263 3677 495 3764 50jthrigen
517 3676 717 3743 Jubil'a'um
741 3678 806 3742 der
828 3677 1010 3742 Berliner
1034 3677 1288 3743 Universittt.

293 3835 413 3902 Rector
440 3842 474 3904 et
497 3836 635 3906 Senatus
659 3839 670 3922 ΙΙ
687 3837 919 3904 Vniversitatis
942 3835 1137 3902 Fridericiae
1159 3834 1350 3902 Guilelmiae

203 3942 379 4009 Rhenanae
399 3945 410 4028 ll
427 3942 459 4010 S.
478 3943 513 4009 Ρ.
532 3944 571 4010 D.
588 3945 599 4028 ΙΙ
616 3943 748 4010 Rectori
771 3941 945 4029 Magnifice
974 3941 1163 4026 Illustrique
1185 3938 1321 4008 Senatui
1339 3940 1349 4030 ll

205 4048 339 4114 Inclitac
365 4049 597 4116 Vniversitatis
619 4049 813 4116 Fridericiae
837 4049 1031 4116 Guilelmiae
1048 4050 1060 4133 ΙΙ
1077 4047 1307 4116 Berolinansis.

293 4173 363 4250 Quo
392 4173 543 4258 graviora
566 4177 600 4236 et
622 4173 821 4239 luctuosiora
844 4180 933 4258 sunt,
957 4195 1038 4258 quae
1063 4173 1260 4257 optimorum
1283 4177 1351 4237 stu·

204 4279 330 4345 diorum
360 4279 667 4363 contentionumque
694 4279 998 4347 honestissimarum
1022 4281 1122 4346 veteri
1145 4282 1242 4363 atque
1267 4283 1349 4345 anti·

203 4408 285 4471 quae
312 4385 466 4470 dignitati
493 4383 637 4468 pericula
664 4385 705 4450 ab
735 4385 850 4450 horum
879 4387 990 4471 qualia
1012 4389 1205 4472 ingruerunt
1226 4390 1349 4471 tempo-

202 4515 275 4559 rum
299 4492 499 4557 industriosa
520 4488 654 4555 levitate
677 4491 868 4576 sordidaque
891 4493 1069 4578 cupiditate
1091 4493 1158 4557 sive
1177 4491 1349 4558 imminent
