3302 5076
596 411 828 462 nnrsrurscnu
852 413 980 460 annau.
1292 395 1353 459 641

216 554 342 619 fervore
371 555 595 638 amplectenda
622 559 772 639 paratum
795 555 960 640 ingenium
984 553 1273 638 Francogallorum
1299 557 1357 638 est,

215 661 394 726 clarissimo
419 661 518 727 misso
542 661 737 748 philosopho
761 666 947 728 nostrarum
965 661 1076 726 laudes
1097 661 1279 726 scholarum
1299 661 1356 726 ali·

216 771 295 852 quot
326 768 443 834 abhinc
476 769 570 834 annis
602 770 866 835 testificatururu:
905 769 1096 835 documento
1126 770 1175 831 est
1203 767 1357 832 diuturno

214 875 441 960 expergefacta
468 877 624 961 languore
657 877 729 961 ipsa
761 875 880 942 nobilis
909 897 987 960 gens
1015 874 1260 959 Britannorum,
1294 873 1356 938 sibi

214 983 284 1046 sola
310 982 452 1067 placere,
485 983 545 1048 soli
576 983 637 1047 sibi
665 983 819 1067 plaudere
846 1005 904 1066 per
931 982 1072 1067 plurima
1100 982 1228 1046 saccula
1250 980 1356 1065 solita,

214 1087 269 1152 sed
292 1089 343 1152 cni
366 1111 478 1174 nuper,
501 1094 538 1154 ut
555 1089 746 1173 accepimus,
770 1089 815 1154 rei
835 1088 1049 1154 scholasticae
1069 1109 1145 1152 suae
1164 1087 1271 1152 labem
1289 1109 1355 1154 non
1371 1112 1404 1152 vr

156 1240 162 1250 -
214 1195 296 1260 alius
315 1195 379 1259 nisi
393 1195 587 1261 Borussicae
606 1196 796 1280 disciplinae
811 1195 1010 1280 comparatio
1029 1194 1221 1279 persuadere
1241 1195 1357 1278 coepit.

213 1301 303 1367 Haec
326 1302 428 1389 igitur
450 1306 544 1369 tanta
566 1303 724 1368 beneficia
746 1304 797 1367 cui
819 1303 953 1369 tandem
976 1307 1108 1386 accepta
1129 1302 1229 1366 refert
1247 1324 1355 1386 respu-

217 1409 302 1474 blica
315 1409 378 1474 nisi
391 1409 473 1497 Regi
490 1409 621 1493 Optimo
636 1409 833 1475 Frrnnnreo
848 1409 1037 1476 GUILELMO
1053 1407 1101 1473 ΙΙΙ
1125 1413 1167 1492 st,
1190 1409 1281 1474 cuius
1296 1409 1356 1473 Ille

215 1515 358 1580 consiliis
383 1522 458 1599 post
480 1517 710 1581 immortaliter
732 1516 884 1582 meritum
908 1517 946 1581 de
969 1517 1065 1582 bonis
1089 1517 1215 1580 artibus
1234 1515 1355 1580 Guilel-

214 1643 302 1686 mum
321 1621 362 1686 ab
376 1622 560 1688 Humboldt
583 1646 641 1707 per
660 1623 817 1709 plurimos
841 1646 944 1690 anuos
968 1646 1045 1689 usus
1068 1627 1127 1708 est,
1150 1620 1296 1689 Oaaouo
1311 1639 1371 1686 ΑΒ·

210 1729 461 1796 Auransrrcru‘l
486 1730 546 1807 Qui
569 1731 645 1815 quid
665 1731 781 1814 quibus
800 1731 862 1796 viis
882 1753 919 1794 ac
938 1729 1040 1814 copiis
1063 1731 1241 1796 instituerit
1264 1751 1354 1814 prae·

213 1836 415 1921 stiteritque,
445 1859 505 1902 nec
527 1838 602 1902 volo
629 1859 715 1902 nunc
741 1859 802 1902 nec
824 1859 955 1922 possum
980 1837 1171 1921 singillatim
1194 1837 1355 1922 persequi:

214 1965 272 2008 nee
295 1944 441 2030 indigere
463 1945 526 2009 hoc
550 1944 698 2010 uberiore
722 1945 936 2030 explicatione
960 1945 1103 2028 videtur,
1126 1944 1246 2029 quippe
1269 1943 1353 2028 quod

212 2050 244 2115 in
274 2052 385 2116 oculos
415 2051 508 2134 quasi
537 2074 597 2114 sua
624 2055 739 2134 sponte
767 2051 935 2115 incurrens
965 2050 1144 2114 multorum
1174 2049 1354 2133 praeconiis

212 2156 434 2240 praedicatum
459 2158 502 2221 sit
525 2157 748 2242 multifariam,
772 2156 850 2222 adeo
874 2161 911 2220 ut
933 2157 1020 2221 illius
1040 2157 1169 2241 quidem
1189 2159 1354 2240 praestan-

210 2262 276 2327 tiae
308 2263 474 2346 persuasio
509 2263 559 2328 vel
593 2285 704 2329 eorum
738 2263 902 2328 mentibus
935 2263 1105 2347 paullatim
1140 2261 1353 2344 inhaerescat,

211 2369 265 2453 qui
298 2373 354 2434 aut
383 2374 518 2436 naturae
549 2370 629 2435 vitio
662 2370 844 2436 hebetiores
875 2371 916 2438 ad
945 2368 1153 2434 iudicandum
1185 2373 1242 2435 aut
1269 2371 1353 2434 vitae

212 2477 399 2542 condicione
429 2477 469 2541 ab
499 2476 696 2562 optimorum
720 2477 900 2542 studiorum
924 2477 1119 2542 tractatione
1145 2477 1244 2542 alieni
1268 2479 1353 2541 sunt.

215 2581 337 2658 Quodsi
365 2605 431 2648 non
454 2581 543 2668 quid,
577 2584 631 2648 aed
656 2606 719 2668 quo
743 2583 822 2649 illud
847 2584 956 2650 animo
980 2587 1076 2668 atque
1100 2583 1236 2648 consilio
1260 2583 1353 2648 insti-

211 2689 326 2772 tuerit,
358 2690 555 2775 quaerimus,
587 2690 620 2754 id
648 2689 743 2755 facile
772 2690 990 2774 intellegimus
1020 2711 1090 2754 esso
1114 2690 1284 2774 eiusmodi,
1319 2694 1354 2754 ut

210 2798 296 2860 recte
323 2801 526 2879 perspectum
556 2797 590 2860 in
620 2797 721 2862 multo
750 2797 907 2861 maiorem
930 2795 1003 2859 Viri
1030 2796 1226 2861 immortalis
1256 2796 1353 2860 admi-

209 2902 370 2966 rationem
403 2903 525 2988 rapiat,
557 2903 735 2988 gratiarum
770 2905 931 2968 actionem
961 2906 997 2968 ut
1029 2903 1130 2968 multo
1162 2903 1352 2988 ampliorem

211 3009 363 3091 postulet.
409 3008 558 3094 Namque
586 3011 705 3076 artium
734 3012 980 3095 litterarumque
1009 3031 1119 3075 euram
1143 3031 1216 3074 cum
1239 3009 1351 3076 Alten-

210 3115 363 3181 steinium
387 3115 498 3181 dixero
527 3118 654 3182 animo
684 3140 771 3182 vere
799 3117 907 3201 regio
937 3117 1130 3200 suscepisse,
1154 3117 1200 3180 ric
1223 3116 1352 3180 demum

209 3244 273 3286 uno
311 3225 445 3288 cunctas
482 3227 593 3308 partes
630 3225 760 3289 nomine
797 3228 883 3288 recte
915 3221 1197 3306 comprehendisse
1235 3221 1351 3288 videor.

209 3326 364 3393 Animum
387 3333 500 3408 autem
521 3352 595 3394 vere
618 3330 743 3414 regium
769 3351 842 3394 eum
866 3329 946 3412 dico,
971 3329 1026 3414 qui
1046 3353 1065 3393 a
1082 3329 1203 3412 triplici
1221 3329 1351 3413 potissi·

211 3456 299 3498 mum
323 3435 561 3519 vituperatione
584 3436 669 3501 liber
692 3436 751 3520 sit,
781 3459 918 3522 quarum
946 3459 1011 3501 una
1035 3437 1117 3501 solet
1139 3436 1190 3500 vel
1214 3437 1248 3501 in
1271 3437 1351 3501 cele-

211 3539 369 3605 berrimos
392 3542 549 3606 bonarum
570 3543 688 3608 artium
707 3543 853 3609 fautores
872 3543 991 3607 illustri
1010 3543 1044 3606 in
1062 3544 1134 3607 loco
1155 3544 1351 3610 constitutos

209 3647 330 3713 cadere.
372 3647 498 3714 Horum
523 3649 609 3714 enim
632 3651 887 3734 quotusquisque
912 3654 969 3728 est,
993 3651 1070 3734 quin
1094 3650 1133 3715 de
1157 3650 1278 3715 artium
1302 3652 1352 3715 lit

208 3755 415 3837 terarumque
446 3753 655 3819 incrementis
687 3755 847 3820 sollicitus
879 3778 936 3820 suo
967 3755 1072 3841 magis
1100 3756 1225 3822 nomini
1254 3779 1351 3842 quam

209 3859 356 3942 ipsarum
379 3861 491 3944 saluti,
514 3883 613 3946 quam
635 3861 831 3945 reipublicae
854 3862 992 3927 utilitati
1014 3863 1183 3927 consulere
1207 3864 1350 3928 animum

209 3965 385 4050 induxerit3
417 3967 495 4051 quin
522 3967 753 4033 beneficiorum
780 3967 858 4032 illuc
886 3968 1078 4034 collatorum
1107 3968 1134 4032 si
1162 3991 1226 4033 uon
1249 3971 1350 4033 maxi-

209 4093 305 4157 mam,
324 4077 410 4138 certe
428 4096 494 4138 nou
514 4075 682 4138 minimam
700 4079 828 4158 partem
848 4074 887 4139 ad
908 4097 1000 4140 snam
1019 4075 1128 4159 potius
1147 4074 1201 4139 vel
1223 4075 1350 4140 laudem

208 4178 258 4242 vel
286 4178 487 4264 voluptatem
517 4180 694 4264 rettulerit;
731 4182 822 4266 quin,
850 4182 1054 4248 utbreviter
1080 4181 1199 4266 dicam,
1231 4183 1348 4247 artium
1364 4219 1409 4258 vu

208 4285 454 4370 litterarumque
483 4288 640 4370 patronus
664 4286 715 4350 vel
738 4286 851 4351 haberi
875 4288 1120 4372 ostentationis,
1152 4289 1202 4353 vcl
1226 4292 1349 4354 externi

209 4390 389 4476 splendoris
421 4413 536 4456 caussa
566 4412 635 4456 esse
666 4392 828 4456 voluerit?
875 4389 957 4458 (lum
990 4416 1055 4479 qua
1082 4397 1293 4479 perversitate
1321 4397 1349 4462 si

208 4497 259 4562 vel
284 4520 472 4583 comparare
494 4502 660 4584 tamquam
685 4497 876 4581 longissimo
900 4500 1071 4566 intervallo
1096 4501 1269 4568 distantem
1294 4503 1349 4569 Al-

260 4619 301 4654 ιιι,
321 4619 470 4654 urrscnrrnn
490 4619 626 4656 orvsovaa
645 4619 670 4655 v.
1102 4613 1135 4659 41
