3318 5072
517 405 777 455 nnnunnmoms
800 405 1009 456 1111111111.
1270 392 1335 458 513

188 551 225 612 ut
249 547 339 614 Trio.
363 551 415 614 66.
442 551 514 615 177.
537 551 612 616 440.
635 553 710 618 458.
734 554 808 618 516.
832 553 906 619 538.
931 555 1003 618 730.
1028 554 1108 618 806:

280 707 343 774 Sed
365 708 426 774 hoc
449 710 593 774 dnimum
618 711 751 775 aduerte
774 717 871 796 atque
896 713 988 777 adfer
1009 712 1202 776 ridiculdria.

277 815 330 878 An
356 835 416 900 ego
440 816 539 880 felium
563 817 727 882 dominum
752 820 881 902 puterer
905 819 974 884 fieri
997 817 1087 884 hisce
1113 818 1268 882 sedibus?

275 920 349 1006 Ego
373 926 501 1008 qnoque
525 924 601 988 uolo
626 946 696 989 esse
720 923 821 990 liber:
844 925 1040 1009 nequiquslm
1063 926 1147 990 uolo.

276 1027 349 1093 Nisi
374 1051 425 1093 me
450 1029 537 1094 eliud
560 1030 638 1113 qnid
661 1031 720 1114 uis,
745 1029 864 1109 Pullo,
887 1030 1042 1116 respondi
1063 1032 1134 1096 tibi.
1260 1099 1261 1104 ,

276 1133 350 1200 Nisi
373 1135 450 1219 quid
474 1154 534 1219 ego
558 1134 793 1201 comminiscor.
840 1136 949 1202 Philto
973 1139 1006 1202 te
1028 1139 1114 1204 uolo.

277 1241 383 1327 Magis
407 1245 509 1326 spnge
533 1240 630 1325 dices,
656 1243 684 1306 si
708 1243 818 1307 6mnie.
841 1265 879 1307 ex
902 1265 954 1308 me
978 1243 1148 1309 audiueris.

276 1348 357 1414 Pote
379 1348 454 1413 fieri
477 1370 603 1432 prosus,
627 1349 703 1433 quin
728 1351 785 1416 dos
810 1351 903 1415 detur
926 1349 1054 1436 uirgini.

276 1455 475 1520 1111101111.
513 1456 559 1521 At
583 1453 669 1520 duim
693 1458 792 1522 nimis
816 1458 915 1544 ldngo
939 1479 1085 1523 sermone
1109 1459 1240 1523 dtimur.

190 1615 342 1680 Proximo
376 1621 450 1701 post
482 1619 623 1703 primum
651 1618 766 1703 pedem
810 1619 980 1684 intervallo
1011 1619 1333 1704 proceleusmaticum

187 1722 346 1788 secundus
370 1723 602 1809 frequentavit,
625 1730 662 1790 ut
685 1747 712 1789 v.
730 1725 801 1789 198.
821 1726 895 1790 472.
919 1726 984 1790 594
1010 1725 1063 1808 [cf.
1079 1747 1177 1810 snpra
1199 1748 1229 1809 p.
1244 1725 1334 1806 4541.

189 1830 363 1894 76117731

275 1987 451 2075 Numquid,
474 1994 662 2076 priusquam
686 1993 776 2076 abeo,
800 1995 850 2056 md
873 1991 1079 2078 rognturd's'?
1109 1991 1199 2056 Vale.

276 2095 310 2162 si
334 2097 411 2182 quid
434 2098 495 2162 tibi
519 2099 657 2182 placeat,
681 2099 766 2181 quod
789 2097 838 2161 illi
862 2103 1056 2184 congestum
1080 2100 1151 2164 siet.

274 2204 314 2267 In
338 2204 491 2289 imbiguo
516 2203 615 2268 etiem
639 2207 723 2267 minc
747 2207 806 2286 est,
830 2203 907 2287 quid
931 2227 969 2268 es
991 2207 1026 2268 re
1049 2205 1130 2269 luat.

192 2339 196 2346 ·
276 2310 534 2376 Mendscilocum
558 2311 699 2393 aliquem
753 2363 1223 2376 .........

274 2417 371 2480 Illdm
396 2416 476 2481 bene
500 2437 612 2501 gerere
635 2438 704 2480 rem
729 2419 761 2480 et
784 2419 893 2482 uslere
917 2422 949 2482 et
973 2418 1115 2483 ninere'

1347 2044 1423 2085 GOXO

188 2573 249 2639 Sed
273 2596 332 2640 neo
356 2598 376 2638 1
398 2576 495 2640 tertio
521 2598 558 2640 ec
581 2599 621 2640 ne
645 2599 665 2640 1
688 2575 801 2661 quinto
826 2577 956 2661 quidem
980 2577 1059 2662 pede
1079 2578 1208 2644 eosdem
1227 2599 1333 2642 nnme-

188 2705 240 2746 ros
264 2681 387 2746 alienos
415 2681 517 2746 fuisse
542 2705 571 2747 v.
595 2684 646 2747 86.
673 2684 744 2746 131.
769 2677 909 2769 [792*).]
934 2683 999 2748 576
1023 2685 1151 2748 docent:

276 2843 383 2926 Atque
406 2841 439 2908 id
462 2848 571 2908 temen
595 2842 675 2907 mihi
699 2842 810 2908 ldbeat
833 2843 1036 2926 suspicerier.

276 2951 415 3034 Argenti
438 2952 561 3016 ementi
585 2949 711 3015 homini
734 2950 942 3032 ddulesccnti,
966 2950 1066 3014 animi
1088 2949 1211 3034 impoti.

276 3055 374 3135 [Eum
398 3078 493 3141 quem
516 3057 640 3142 helbuit,
664 3056 814 3141 perdidit,
836 3056 936 3121 tlinm
959 3059 1036 3140 post
1058 3054 1136 3120 lecit
1158 3057 1300 3138 nouom]

189 3153 195 3164 ’
274 3160 317 3228 Di
340 3163 556 3228 fortunabunt
581 3166 691 3228 ndstra
714 3163 858 3228 consilia.
906 3137 958 3226 711
980 3161 1066 3226 uolo.

275 3323 524 3388 Diversissimns
549 3345 568 3386 1
591 3323 877 3407 proceleusmatico
896 3322 998 3388 ismbi
1018 3323 1147 3406 vicario,
1170 3323 1260 3387 cuius
1279 3323 1332 3388 hic

185 3451 338 3493 numerus
365 3471 383 3496 υ
396 3457 488 3514 oco,
518 3431 547 3494 is
577 3434 626 3494 est
653 3432 970 3515 proceleusmaticus,
1003 3430 1059 3515 qni
1091 3452 1163 3494 cum
1194 3452 1332 3514 sequere

186 3534 374 3600 trochaeum
398 3536 538 3630 creditus
562 3536 614 3619 sit,
637 3537 835 3602 contrariam
858 3539 1058 3604 notationem
1082 3536 1165 3602 hunc
1188 3539 1332 3622 postulet

185 3670 308 3710 cnon.
355 3641 456 3719 Quem
490 3642 546 3706 din
579 3646 630 3706 est
660 3664 734 3706 cum
764 3665 784 3706 1
814 3644 1069 3726 septenariorum
1100 3648 1168 3708 erte
1198 3667 1331 3730 prorsus

186 3749 359 3814 abhorrere
390 3748 599 3814 Hermnnnus
636 3750 745 3814 docuit
781 3749 967 3815 rectissime.
1018 3747 1200 3815 Lenissima
1235 3743 1330 3816 unius

186 3857 319 3922 voculae
347 3857 603 3941 transpositione
632 3857 779 3942 legitima
808 3855 893 3919 ratio
922 3857 1068 3921 versibus
1097 3859 1169 3921 313.
1193 3858 1258 3922 968
1282 3881 1331 3922 re-

185 3966 303 4030 stituta
331 3969 396 4050 est,
424 3987 503 4048 quos
533 3965 613 4029 illud
641 3964 759 4028 vitium
787 3964 819 4026 in
850 3962 953 4027 altero
982 3968 1015 4028 et
1037 3964 1151 4048 quinto
1175 3964 1255 4048 pede
1278 3966 1331 4029 de·

184 4070 362 4136 formabat:

275 4224 379 4314 lsteec
398 4270 459 4334 ego
479 4249 560 4313 mihi
580 4250 706 4333 semper
723 4248 824 4312 habui
843 4247 942 4311 aetdti
960 4247 1217 4330 integumentdm
1232 4273 1331 4316 meas.

186 4411 309 4418 .—.--.

273 4493 299 4563 ¹⁶)
319 4495 372 4566 [Of.
392 4513 476 4565 supro
493 4514 520 4565 p.
540 4495 613 4565 387]

238 4621 278 4654 FB.
297 4621 447 4654 mrscmll
466 4621 603 4657 orvsc‘m
622 4621 647 4655 Y.
