3306 5070
497 435 795 484 osnrunlrrounn
819 436 892 482 uun
917 423 1124 484 lnuuronns.
1319 421 1382 485 715

240 580 291 643 vel
314 601 396 664 quae
420 579 610 644 Aristotelis
633 579 734 644 corba
757 583 833 644 sunt
862 577 939 644 dccv
963 579 994 643 οἱ
1016 583 1134 644 Ζῶντεε
1157 583 1223 644 τῶν
1246 581 1382 645 τεθνεώ-

239 708 313 751 των.
360 684 482 762 Quodsi
513 686 621 752 animo
651 686 845 770 impressum
869 689 902 750 et
923 689 1090 770 tamquam
1114 685 1312 769 insculptum
1337 691 1382 751 te-

239 792 372 875 nebitis,
399 814 465 857 non
488 814 649 874 veremur,
670 815 718 858 ne
747 814 786 856 ex
812 793 852 857 iis
877 815 1013 878 quarum
1038 793 1103 857 iam
1128 793 1220 857 robis
1243 793 1382 857 indicem
1500 815 1503 822 ’

241 899 398 964 tradimus
423 898 542 1003 scholis
566 919 631 963 non
655 897 865 982 pulcherrimi
889 898 1013 964 fructus
1038 898 1078 962 ad
1100 920 1155 962 vos
1176 902 1251 963 sunt
1270 899 1382 963 redun-

239 1005 354 1070 daturi.
399 1005 523 1070 Valete.

730 1133 888 1140 -—..-.—.

375 1273 412 1357 b)
435 1273 490 1337 Im
513 1272 757 1337 Prooemium
781 1273 846 1336 des
870 1269 1132 1336 Sommersem.
1161 1273 1245 1338 1840

443 1412 496 1501 (de
519 1415 648 1500 gemino
672 1414 759 1479 exitu
785 1414 925 1478 Andriae
949 1411 1183 1500 Terentianae).

327 1558 436 1642 Atque
463 1557 543 1622 haec
570 1556 708 1640 praelati
737 1578 861 1639 sumna,
893 1559 930 1620 ut
957 1554 1024 1620 fere
1052 1556 1090 1620 fit
1112 1556 1147 1620 in
1169 1555 1232 1621 hoe
1255 1577 1381 1642 genere,

238 1666 275 1730 τὸ
306 1668 363 1743 μὲν
391 1664 555 1744 πάρεργον
585 1664 682 1744 ἔργον
706 1664 750 1728 ὢ(
773 1665 974 1744 ποιούμενοι,
997 1665 1035 1728 τὸ
1059 1661 1088 1727 δ’
1111 1663 1208 1742 ἔργον
1232 1662 1276 1727 ὡ(
1300 1663 1379 1743 πάρ-

239 1792 336 1849 εργον
359 1771 598 1849 ἐκπονούμενοι.
644 1769 763 1836 Restat
786 1770 886 1854 enim,
914 1775 951 1835 ut
975 1769 1082 1853 vobis,
1111 1770 1270 1834 carissimi
1297 1791 1383 1836 com-

238 1877 412 1962 militones,
435 1878 619 1943 scholarum
642 1876 806 1961 perhanc
830 1899 913 1961 quae
936 1877 1038 1940 instat
1061 1877 1220 1940 aestatem
1244 1877 1277 1940 in
1297 1877 1380 1942 alma

239 1985 437 2070 optimarum
471 1983 588 2048 artium
622 1983 697 2048 sede
729 1987 842 2048 nostra
873 1980 1096 2047 habendarum
1128 1981 1265 2046 indicem
1296 2005 1383 2048 com·

240 2090 439 2173 meddemus,
472 2112 510 2154 ex
539 2111 577 2154 eo
605 2090 666 2171 uti,
700 2097 782 2172 quae
810 2089 949 2154 maxime
973 2089 1006 2152 in
1031 2092 1173 2153 vestrum
1197 2111 1292 2153 usum
1316 2111 1382 2154 non

239 2196 409 2261 videantur
433 2217 516 2278 esse,
540 2195 596 2260 sed
619 2216 693 2260 vere
717 2195 797 2278 sint,
820 2194 988 2280 deligatis,
1010 2202 1163 2281 rectoque
1186 2195 1304 2260 iudicio
1329 2196 1382 2260 de·

238 2303 331 2368 lectis
354 2307 441 2367 recte
464 2301 627 2366 fruamini.
660 2300 731 2378 Quo
750 2301 878 2386 quidem
898 2323 1010 2366 cavere
1029 2302 1187 2386 volumus,
1209 2323 1381 2368 neverum

240 2431 333 2473 usum
361 2430 434 2472 eum
462 2408 598 2492 putetis,
631 2408 685 2493 qui
710 2408 749 2472 ad
775 2408 860 2473 vitae
884 2408 1091 2494 quotidianae
1116 2409 1184 2472 sive
1208 2407 1382 2473 commodi·

239 2521 324 2580 tates
348 2516 415 2579 sive
438 2513 649 2579 necessitates
673 2519 812 2598 spectet,
839 2536 903 2579 neu
930 2535 1101 2598 perperam
1124 2514 1382 2598 interpretemini

239 2623 323 2706 quod
347 2615 546 2686 aiunt'vitae
570 2642 650 2704 esse,
672 2642 739 2684 non
763 2619 893 2685 scholae
916 2620 1112 2686 discendum.
1152 2620 1272 2685 Veram
1296 2621 1381 2685 enim

239 2735 272 2794 et
296 2733 471 2811 aeternam,
495 2748 577 2811 quae
601 2748 618 2790 c
641 2727 770 2791 liberali
793 2728 977 2792 litterarum
1000 2729 1196 2793 tractatione
1215 2725 1383 2811 redundat,

239 2836 415 2900 utilitatem
443 2837 639 2898 mementote
670 2855 742 2898 eam
770 2855 855 2918 esse,
882 2839 919 2899 ut
945 2832 1035 2898 fonte
1064 2833 1173 2898 divino
1201 2837 1382 2919 prognatus

240 2942 366 3006 animus
398 2939 580 3024 ingenitam
612 2939 754 3005 indolem
786 2941 956 3006 nutriendo
995 2941 1044 3005 sni
1082 2941 1220 3005 similior
1253 2939 1381 3005 evadat:

240 3072 303 3135 quo
341 3047 461 3112 artium
497 3046 744 3131 litterarumque
781 3047 835 3111 lux
868 3047 978 3112 divina
1010 3048 1045 3112 in
1078 3047 1208 3132 singula
1240 3046 1382 3112 civitatis

240 3155 386 3220 membra
409 3158 563 3238 tanquam
587 3154 695 3218 anima
713 3158 883 3237 permanet
901 3154 988 3218 vitae
1012 3154 1156 3219 effectrix
1180 3159 1214 3220 et
1236 3153 1381 3218 modera-

240 3263 305 3326 trix
328 3261 522 3346 virtutisque
545 3282 663 3345 parens
688 3264 721 3325 et
744 3260 913 3344 magistre.
958 3259 1085 3326 Valete.

383 3599 413 3684 c)
435 3600 490 3664 Im
513 3599 755 3664 Prooemium
780 3599 844 3663 des
869 3597 1129 3663 Sommersem.
1155 3599 1237 3663 1841

506 3739 559 3827 (de
582 3740 691 3805 Plauti
714 3741 909 3826 cognomine
932 3737 1118 3821 ‘Asiniur’).

328 3883 459 3967 Denuo,
488 3883 744 3967 commilitones,
765 3881 818 3947 vel
841 3903 879 3946 ex
901 3882 964 3946 hac
986 3880 1264 3965 disputatiuncula
1286 3881 1382 3946 aesti-

242 3989 383 4073 mabitis,
407 3989 483 4074 quid
508 3991 640 4056 sitnon
662 3990 767 4055 dicam
791 3989 921 4054 criticae
944 3988 1008 4054 arti
1031 3986 1251 4052 tribuendum:
1284 4009 1381 4071 quam

242 4093 314 4176 quis
343 4097 412 4158 tam
435 4094 534 4159 hebes
559 4099 610 4158 est
632 4098 667 4159 et
689 4099 856 4180 tamquam
878 4095 1049 4180 plumbeus
1074 4093 1151 4178 quin
1175 4093 1290 4158 merito
1315 4115 1382 4159 sue-

240 4198 354 4281 pioiat:
387 4198 443 4262 sed
476 4199 506 4263 ei
535 4200 622 4282 parti
650 4201 738 4266 illius
767 4202 846 4266 artie
874 4224 956 4286 qnae
985 4205 1147 4267 scrutatur
1175 4199 1321 4284 syllabas
1349 4203 1383 4264 et

242 4303 349 4388 apices
379 4304 524 4370 rimatur.
571 4304 674 4380 Quam
701 4308 762 4371 etsi
790 4330 857 4372 non
885 4330 1056 4392 possumus
1087 4307 1231 4393 profiteri
1261 4327 1382 4390 omncs,

241 4413 352 4474 tamen
374 4407 551 4474 curandum
575 4413 626 4473 est
647 4413 684 4476 ut
703 4432 775 4475 cum
795 4434 841 4496 eo,
865 4435 928 4496 qno
947 4436 1028 4499 opus
1049 4415 1101 4500 sit,
1124 4418 1380 4498 temperamento

242 4517 282 4582 ad
306 4539 366 4582 sua
389 4516 524 4601 quisque
548 4517 656 4582 studia
678 4517 895 4582 transferatis.
