3306 5070
604 421 840 471 nsrnrruscna
864 421 994 469 sauna.
1304 403 1369 468 683

224 586 297 629 vem
321 568 354 629 et
378 563 463 647 quod
486 563 612 630 excedit
629 566 733 630 lustra
752 565 863 632 oblata
882 567 941 648 est,
965 586 1061 648 quam
1081 563 1167 648 quod
1186 564 1367 628 litterarum

226 670 378 736 tractatio
401 669 529 737 iubetur
551 693 617 736 non
641 671 726 737 vitae
749 671 858 754 potius
882 669 993 736 usibus
1018 670 1162 736 serviens
1181 669 1291 755 reique
1310 691 1368 754 pu·

225 777 328 842 blicae
356 777 605 844 necessitatibus
634 782 667 843 et
694 777 794 842 futuri
823 776 1000 842 ministerii
1023 776 1152 859 officiis,
1184 775 1239 841 sed
1268 799 1366 842 unam

224 884 394 949 veritatem
429 887 558 949 sectans
594 884 751 969 uniusque
787 884 933 950 veritatis
972 884 1108 950 arbitrio
1146 903 1280 967 parens,
1316 883 1367 948 vel

225 994 261 1055 ut
292 1012 356 1056 uno
385 989 482 1056 verbo
516 991 636 1076 dicam,
668 992 852 1056 litterarum
884 990 1037 1056 tractatio
1068 1011 1142 1057 vere
1175 988 1367 1054 liberalis.

224 1095 299 1162 Non
330 1116 390 1182 ego
420 1098 566 1182 profecto
598 1099 626 1162 is
658 1119 744 1182 sum,
776 1097 834 1182 qui
863 1119 930 1164 non
958 1097 1048 1163 illam
1078 1081 1205 1183 quoque
1229 1097 1368 1182 priorem

225 1203 401 1269 utilitatem
425 1205 575 1290 probcm;
603 1227 680 1270 nam
703 1209 740 1269 ut
762 1205 874 1289 paucis
898 1205 1137 1290 amplissimum
1161 1225 1238 1269 sane
1261 1204 1369 1270 locum

226 1310 433 1394 complectar,
457 1311 621 1396 sichela,
644 1333 728 1396 quae
746 1333 820 1377 vere
839 1312 927 1376 bona
949 1316 1035 1395 sunt,
1058 1333 1167 1378 veram
1191 1311 1368 1376 utilitatem

225 1417 390 1502 segregari
412 1438 479 1481 non
501 1437 598 1500 posse
622 1417 799 1502 considero,
823 1416 922 1482 etiam
945 1417 1074 1483 litteras
1098 1439 1168 1482 esse
1193 1417 1289 1482 utiles
1313 1417 1367 1482 da-

225 1526 301 1591 bere
332 1522 419 1590 haud
452 1543 548 1607 aegre
581 1522 731 1590 concedo.
777 1521 839 1588 Sed
870 1522 951 1588 haec
980 1523 1106 1588 utilitas
1137 1545 1210 1588 cum
1241 1524 1366 1590 duabus

225 1632 371 1716 partibus
395 1628 567 1696 consistat:
600 1629 703 1694 altera
725 1629 867 1715 quidem,
899 1651 982 1714 quae
1014 1651 1086 1696 oum
1110 1631 1197 1696 vitas
1221 1630 1368 1697 cottidia-

223 1761 284 1804 nae
308 1735 486 1804 commodis
505 1737 653 1820 proximo
671 1735 799 1801 vinculo
820 1737 1015 1820 continetur,
1037 1738 1183 1802 fruamur
1200 1742 1366 1822 tamquam

174 1913 178 1920 ,
224 1844 415 1929 adventicia,
437 1865 503 1908 non
526 1847 692 1929 tamqnam
715 1843 904 1929 primariam
923 1843 1139 1927 postulemus:
1163 1844 1257 1928 idque
1276 1843 1369 1908 nulla

225 1952 352 2018 eliade
376 1972 503 2034 caussa,
526 1951 588 2015 nisi
611 1950 697 2034 quod
720 1951 824 2015 multo
848 1951 935 2036 plus,
959 1951 1063 2018 multo
1088 1952 1193 2016 maius
1217 1950 1367 2036 quiddam

224 2061 257 2121 et
288 2059 387 2142 latius
419 2060 535 2141 patens
564 2057 643 2122 illud
673 2061 735 2146 ost,
765 2057 850 2142 quod
878 2079 917 2122 ex
947 2058 1052 2123 altera
1079 2062 1172 2141 parte
1201 2061 1368 2141 praestaro

224 2163 355 2228 eaedem
379 2163 507 2228 litterae
532 2162 678 2248 ingenita
701 2162 823 2228 virtute
845 2167 992 2246 possunt.
1023 2164 1131 2249 Atque
1153 2164 1247 2247 hanc,
1271 2186 1369 2248 quam

224 2291 291 2334 uon
319 2269 503 2353 fortuitam,
535 2268 590 2334 sod
620 2290 729 2334 voram
759 2268 895 2334 dicimus
925 2273 958 2334 et
986 2273 1153 2335 aeternam
1183 2269 1370 2355 utilitatem,

225 2377 348 2461 eequis,
371 2398 453 2461 quae
477 2375 646 2460 qualisque
670 2375 727 2458 sit,
750 2395 859 2440 coram
883 2374 943 2441 hac
967 2375 1150 2441 liberalium
1173 2381 1206 2442 ot
1228 2381 1265 2442 ut
1287 2382 1368 2461 puto

225 2482 496 2550 consentientium
523 2481 693 2547 hominum
720 2503 842 2548 corona
868 2483 998 2548 uberius
1026 2482 1281 2570 persequendum
1312 2505 1369 2567 pu·

226 2589 294 2656 tet?
317 2594 351 2655 et
374 2587 619 2672 disceptandum
642 2591 809 2674 tamquam
834 2589 1028 2674 dubitatum,
1051 2590 1136 2674 quod
1155 2599 1224 2656 ess'e
1244 2590 1369 2656 confes·

226 2719 297 2762 sum
327 2701 360 2762 et
389 2695 594 2779 exploratum
625 2717 681 2760 vos
714 2700 800 2762 certe
830 2719 895 2761 uno
924 2683 978 2761 ors
1007 2696 1178 2762 clamaturi
1206 2697 1301 2762 sitis?
1325 2733 1368 2744 —

226 2803 349 2889 eequis,
381 2813 456 2868 oum'
483 2824 542 2868 sua
569 2825 684 2868 caussa
707 2804 870 2887 colendas,
903 2803 1109 2887 exercendas,
1141 2804 1368 2889 propagandas

225 2911 351 2976 litteras
380 2909 516 2975 dicimus
546 2909 859 2994 sapientissimorum
887 2910 1057 2975 hominum
1086 2909 1291 2994 auctoritate,
1320 2911 1368 2976 uti

225 3017 316 3083 fonte
348 3016 457 3082 divino
490 3019 669 3101 prognatus
702 3017 828 3088 animus
857 3016 1000 3082 divinam
1028 3016 1169 3080 indolem
1196 3015 1368 3082 nutriendo

226 3125 277 3189 sui
299 3123 439 3189 similior
461 3123 533 3208 fiat,
561 3123 661 3188 talem
688 3124 790 3210 igitur
814 3124 865 3188 vel
888 3123 1143 3208 postulationem
1165 3123 1217 3186 vel
1241 3143 1368 3207 exspec-

227 3231 384 3296 tationem
412 3229 521 3313 eoquis
550 3229 678 3294 exulare
709 3228 749 3293 ad
781 3229 907 3294 somnia
936 3228 1206 3312 philosophorum
1236 3228 1369 3294 iubeat?

226 3337 347 3421 Ecquis
376 3335 513 3419 deniquo
541 3339 608 3400 tam
637 3356 750 3400 caecus
774 3335 831 3418 sit,
859 3334 937 3418 quin
964 3335 1064 3400 etiam
1092 3335 1125 3400 in
1148 3335 1196 3399 rei
1219 3334 1368 3419 publicae

227 3445 364 3508 salutem
402 3443 498 3525 longe
535 3439 762 3526 efficaciorem,
798 3463 895 3526 quam
934 3463 1029 3526 quam
1068 3444 1165 3507 antea
1200 3441 1370 3507 fortuitum

226 3551 367 3615 fructum
395 3546 669 3632 perstringebam,
701 3547 786 3613 hanc
814 3570 885 3613 esse
913 3547 979 3612 vim
1008 3546 1162 3614 scientiae
1185 3547 1370 3634 perspiciat,

227 3660 264 3722 ut
287 3655 405 3720 artium
428 3653 673 3739 litterarumque
696 3655 750 3719 lux
774 3655 884 3721 divina
906 3655 940 3720 in
960 3655 1090 3742 singula
1108 3655 1251 3721 civitatis
1270 3677 1369 3720 mom·

227 3763 288 3829 bra
315 3765 482 3846 tamquam
512 3761 621 3826 anima
647 3765 816 3846 permanet
838 3762 924 3826 vitae
947 3761 1091 3828 effectrix
1114 3765 1148 3827 et
1171 3761 1369 3827 moderatrix

135 3897 141 3906 ·
228 3869 420 3953 virtutisque
458 3889 574 3952 parens
611 3871 644 3933 et
681 3868 862 3954 magistra?
915 3868 1024 3954 Atque
1056 3869 1140 3934 hauc
1172 3868 1265 3933 illam
1299 3868 1369 3933 dieo

227 3997 402 4060 numquam
426 3979 477 4040 sat
499 3975 610 4059 magni
635 3975 872 4041 aestimandam
895 3975 1133 4058 liberalitatem,
1158 3997 1221 4058 qua
1244 3978 1277 4039 et
1299 3975 1370 4038 reli·

230 4104 310 4166 quas
333 4079 477 4145 rationes
500 4100 572 4144 cum
597 4080 744 4163 publicae
766 4081 982 4146 institutionis
1005 4080 1174 4145 universae
1201 4085 1271 4146 tum
1299 4102 1371 4146 aca-

228 4187 369 4252 demicae
393 4184 584 4268 disciplinae
607 4185 691 4271 regi,
714 4185 848 4252 ethaeo
871 4187 942 4271 ipsa
964 4186 1219 4251 adulescentium
1242 4190 1368 4277 nostro·

228 4315 299 4358 rum
328 4291 507 4358 certamina
534 4291 703 4356 nobilitari
731 4293 992 4379 Angustissimus
1019 4293 1116 4358 huius
1144 4293 1369 4360 universitatis

229 4399 378 4466 conditor
400 4399 510 4465 voluit.
552 4398 624 4464 Tali
649 4403 758 4464 autem
781 4399 834 4464 via
857 4400 912 4484 qui
935 4399 976 4464 ad
999 4422 1107 4464 veram
1131 4399 1370 4466 humanitatem

229 4505 388 4592 perveniri
412 4528 571 4592 veraeque
594 4506 694 4571 saluti
718 4504 862 4571 civitatis
886 4505 1010 4571 consuli
1033 4527 1223 4590 persuasum
1246 4507 1371 4593 habuit,
