3318 5072
294 399 360 464 524
578 413 840 462 anouaconnur
866 413 913 460 nn
938 412 1148 461 arrrournvs

293 562 451 643 cognatos
483 558 597 641 fugare
630 556 692 621 dici
726 579 818 622 amor
848 556 911 620 nisi
943 555 1075 622 ridicule
1105 578 1170 622 non
1202 560 1325 641 posset,
1354 555 1437 620 nihil

293 665 453 750 reliquum
486 663 549 728 fuit
584 663 647 728 nisi
686 667 723 727 nt
756 685 830 728 cum
863 669 929 728 taos
961 663 1150 746 pronomine
1183 664 1273 728 tertii
1310 685 1437 748 quoque

293 771 430 836 membri
459 771 654 855 pronomina
682 770 932 835 conciliarentur
960 774 994 835 et
1018 771 1109 854 supet
1137 776 1164 836 te
1190 792 1212 835 a
1239 776 1290 836 eo
1312 776 1437 836 mala

293 877 489 944 scriberetur
516 899 576 961 pro
599 898 630 942 se
651 899 674 942 a
695 875 798 962 eao.*)
824 913 864 924 —
887 877 1026 962 Reliqua
1054 877 1176 961 omnia,
1203 899 1285 962 quae
1314 878 1347 942 in
1375 878 1438 944 hcc

293 985 419 1050 cantico
448 984 556 1069 poeni,
584 987 663 1068 puto
692 986 794 1048 semet
821 983 895 1067 ipsa
922 984 1002 1048 satis
1029 982 1206 1049 defendere.
1251 983 1325 1050 Nisi
1352 985 1437 1070 quod

292 1114 352 1176 pro
381 1091 545 1177 asperiore
572 1113 600 1155 v.
628 1091 694 1155 284
722 1091 840 1155 cretico
868 1089 949 1175 pede
976 1091 1012 1153 u't
1042 1091 1083 1155 sil
1108 1092 1159 1155 sui
1186 1089 1273 1155 haud
1301 1091 1366 1156 scio
1395 1113 1437 1156 an

292 1202 438 1283 praestet
461 1199 564 1263 multo
587 1197 692 1262 lenior
714 1196 794 1262 baec
817 1218 982 1262 mensura:

381 1357 489 1423 Melus
512 1358 634 1422 bonum
657 1357 778 1422 mdlum
803 1380 874 1423 esse
897 1358 977 1442 uolt,
999 1359 1049 1424 etii
1071 1359 1119 1423 nti
1140 1359 1183 1424 su
1205 1355 1334 1424 similis:

293 1542 369 1584 narn
392 1517 547 1582 catalexis
571 1518 783 1582 removendae
811 1519 1037 1584 necessitatem
1065 1540 1130 1583 non
1158 1517 1264 1602 video,
1291 1519 1437 1584 omnino-

293 1647 354 1710 que
377 1623 463 1709 quod
481 1623 521 1688 ad
545 1624 808 1689 catalecticorum
828 1625 1142 1710 acatalectorumque
1166 1625 1271 1690 varias
1295 1647 1352 1710 per
1374 1625 1436 1690 boe

292 1736 398 1799 totum
430 1732 591 1796 canticum
623 1731 863 1796 vicissitudines
896 1732 1027 1816 attinet,
1059 1754 1126 1798 nen
1158 1735 1307 1816 oportere
1338 1732 1436 1797 nimis

292 1839 499 1905 fastidiosum
523 1859 594 1904 esse
617 1839 766 1905 arbitror.

752 2195 864 2244 cnrvr
888 2176 975 2244 XIX.

382 2321 521 2387 Restant
542 2321 686 2386 miscella
709 2321 880 2407 quaedam,
908 2343 990 2406 qnae
1018 2325 1140 2406 quanta
1166 2324 1303 2404 potuero
1331 2321 1436 2386 brevi-

293 2431 360 2493 tate
385 2427 620 2513 absolvam.**)

168 2563 279 2604 ccoxvr
382 2534 422 2598 In
446 2535 688 2620 argumentis
712 2535 887 2599 metricis
905 2535 1089 2600 fabularum
1108 2534 1334 2599 Plautinarum
1354 2538 1435 2600 trac·

291 2641 398 2706 tendis
414 2643 546 2707 eandem
561 2643 721 2706 rationem
737 2645 829 2706 teneo
850 2663 887 2706 ac
908 2642 935 2706 ei
954 2642 988 2705 in
1002 2641 1120 2705 Plauto
1139 2662 1258 2706 verser:
1279 2663 1353 2706 nam
1373 2643 1436 2706 etsi

264 2748 389 2817 ¹nimis
414 2748 513 2833 lepidi
530 2749 662 2814 fuerunt
686 2749 741 2833 qui
763 2749 839 2814 huic
862 2749 925 2832 ipsi
949 2749 1023 2813 illos
1047 2748 1223 2813 versiculos
1246 2748 1436 2832 tribuerent,

290 2859 487 2920 tamencum
502 2855 647 2941 prologis
661 2877 727 2920 non
738 2853 899 2920 Plautinis
914 2855 1064 2920 omnibus
1079 2853 1140 2920 hoe
1155 2854 1178 2918 ii
1195 2875 1364 2920 commune
1379 2855 1434 2920 ha-

291 2961 370 3025 bent
393 2960 477 3044 quod
501 2982 633 3044 prorsus
658 2961 810 3026 Plautina
833 2971 1037 3026 numerorum
1061 2965 1131 3026 arte
1155 2961 1233 3026 facti
1257 2966 1340 3026 sunt
1387 2961 1434 3026 De

153 3089 279 3130 occxvrr
294 3069 409 3153 quibus
438 3067 591 3152 quoniam
622 3068 724 3132 altera
754 3090 830 3152 pars
860 3068 929 3132 eius
960 3068 1256 3150 commentationis,
1283 3089 1379 3152 quam
1408 3091 1434 3133 a

290 3191 561 3240 cloxocccxxxxl
581 3173 665 3238 edidi
686 3173 1248 3259 [=0puse.phi1.11p.404-422],
1271 3197 1347 3240 casn
1369 3175 1434 3240 fac-

290 3286 360 3347 tum
374 3287 426 3346 est
439 3286 476 3345 ut
489 3281 593 3347 adhuc
603 3282 637 3346 in
653 3281 779 3346 scriniis
790 3282 966 3364 delitescat,
980 3304 1141 3346 summam
1151 3283 1334 3347 sententiae
1344 3304 1434 3348 meae

291 3411 388 3473 qnam
412 3388 615 3472 paucissimis
639 3411 724 3452 nunc
745 3388 836 3453 illinc
855 3410 1031 3472 excerpam.
1073 3385 1183 3452 Missis
1202 3387 1304 3474 igitur
1323 3410 1434 3452 eorum
1557 3415 1564 3428 ·

290 3496 453 3560 futtilibns
477 3495 683 3580 opinionibus
706 3496 760 3579 qui
785 3500 842 3560 aut
865 3517 885 3560 a
907 3494 950 3559 M.
973 3493 1120 3559 Varrone
1144 3499 1201 3560 aut
1224 3517 1244 3558 a
1267 3493 1433 3559 Prisciano

289 3603 411 3687 scripta
434 3603 640 3668 coniecerunt
661 3605 813 3687 (quorum
836 3602 890 3667 hic
912 3601 1081 3666 habuisset
1100 3602 1247 3686 profecto
1266 3602 1352 3687 quod
1371 3601 1434 3667 sibi

289 3707 517 3794 gratularetur,
535 3709 563 3773 si
583 3713 650 3773 tam
671 3710 774 3774 bonos
792 3710 959 3774 trimetros
978 3708 1082 3773 lacere
1101 3709 1279 3774 ullomodo
1297 3707 1433 3795 posset),

289 3815 369 3880 duae
393 3819 517 3880 aetates
540 3815 636 3880 video
658 3815 716 3880 tali
740 3814 870 3880 ludendi
894 3815 1004 3901 generi
1024 3819 1131 3900 aptas:
1156 3816 1291 3881 alteram
1311 3818 1432 3883 saeculi

289 3945 318 3987 u.
347 3944 372 3988 c.
401 3922 545 4006 septimi,
577 3945 641 4007 quo
673 3945 770 4007 quam
800 3923 979 3987 ferbuerint
1008 3923 1224 4007 grammatica
1254 3922 1363 3988 studia
1393 3925 1433 3988 ad

289 4027 457 4094 Plautinas
481 4029 610 4095 litteras
633 4030 763 4112 collata,
786 4027 890 4092 Licini
913 4029 1033 4113 Porcii,
1057 4029 1182 4095 Aurelii
1205 4029 1331 4114 Opillii,
1356 4029 1433 4095 Vol·

394 4258 422 4322 *)
439 4258 483 4328 [In
501 4258 544 4313 ed.
564 4259 613 4313 alt.
633 4258 804 4313 Ritscbeliur
823 4258 956 4314 toleravit
973 4275 1000 4313 se
1019 4279 1037 4314 a
1054 4261 1124 4328 auc]

377 4348 421 4414 fl)
447 4345 583 4416 [Primum
608 4348 655 4402 hie
681 4347 790 4402 dixerat
814 4347 986 4403 Ritschelins
1012 4349 1046 4403 de
1070 4364 1232 4404 scaenarum
1251 4347 1432 4418 discriptione

288 4442 325 4503 lp.
349 4448 443 4490 cccxv
458 4437 523 4504 aq.):
556 4452 591 4490 ea
619 4452 693 4490 nnnc
720 4435 851 4505 leguntur
880 4437 909 4490 in
936 4435 1110 4507 praefatione
1138 4437 1253 4492 alterins
1276 4437 1431 4492 Trinummi

288 4520 419 4576 editionis
437 4543 464 4594 p.
484 4525 624 4592 nvrnsq.]
