3318 5072
542 410 805 458 uuaunsrrours
830 411 1037 458 rnavrruas.
1300 394 1366 456 493

221 561 262 639 el,
290 555 322 620 id
352 555 487 620 eandem
516 554 674 620 rationem
697 554 797 619 habet
820 577 857 620 ao
881 555 909 620 si
933 577 991 620 nos
1015 555 1058 620 du
1080 554 1158 618 urieli
1182 554 1368 638 pronuntia-

223 685 308 746 mus,
341 662 470 727 etiamsi
503 663 670 746 oppositas
703 685 772 727 esse
804 685 960 746 personas
993 663 1152 728 volumus.
1205 660 1368 746 Imprimis

224 769 355 834 evidens
383 770 564 854 exemplum
595 768 697 834 habes
726 769 793 834 Mil.
816 769 873 852 IV,
896 770 926 854 3,
949 771 1005 834 31:
1040 770 1122 850 Quin
1152 771 1182 834 si
1211 771 1369 834 autoretate

220 876 310 960 ηόὶεί,
332 877 372 940 ui
394 875 559 940 extreeddm
579 875 677 955 forus.
710 875 836 940 Horum
855 877 957 960 igitur
977 876 1188 942 similitudine
1208 875 1289 940 nihil
1309 876 1367 939 im·

223 983 314 1068 pedit
332 983 503 1067 quominus
523 983 621 1047 etiam
637 982 753 1047 Bacch.
767 983 833 1047 403
850 983 943 1062 [435]
958 982 1122 1065 proditum
1146 981 1179 1045 in
1203 982 1368 1047 codicibus

222 1091 395 1155 verborum
414 1089 559 1155 ordinem
578 1093 739 1155 tueamur:
763 1090 894 1171 Propter
906 1111 959 1152 mc
980 1087 1053 1153 hoec
1075 1111 1157 1153 nanc
1179 1081 1245 1154 rnio
1267 1082 1368 1154 sodali

221 1199 283 1262 dia
312 1197 482 1261 dssmroirir
511 1198 617 1280 miser,
647 1197 703 1262 ubi
733 1197 864 1278 Propter
891 1196 947 1260 use‘
975 1199 1126 1280 expetens
1159 1175 1367 1260 Hermannus

221 1304 295 1368 hoec
326 1304 529 1387 transposuit
562 1307 637 1386 post
667 1304 777 1368 sodali.
823 1305 870 1368 Ac
903 1303 979 1367 licet
1010 1302 1091 1367 haec
1122 1325 1254 1387 prorsus
1283 1325 1367 1367 oom-

222 1433 336 1495 parare
367 1431 439 1475 eum
470 1411 596 1495 graecis
627 1410 798 1493 exemplis:
832 1411 920 1474 velut
950 1431 1021 1474 cum
1054 1412 1150 1474 acuta
1181 1412 1221 1489 μή
1254 1411 1369 1474 vocula

223 1541 295 1582 eum
318 1517 423 1582 vocali
447 1517 568 1582 coaluit
591 1518 625 1581 iu
647 1519 674 1582 εἰ
698 1519 734 1582 δὲ
758 1521 816 1597 μή,
841 1518 885 1582 οὐ
910 1518 1012 1596 λείψω
1037 1518 1114 1582 ποτέ
1140 1519 1173 1581 et
1196 1517 1222 1581 εἰ
1247 1519 1282 1580 δὲ
1308 1519 1366 1595 μή,
1381 1539 1494 1580 ecnxvr

223 1625 306 1689 ἀλλὰ
329 1628 387 1688 νῦν
411 1627 530 1688 λαθεῖν.
576 1622 645 1688 Nec
673 1624 833 1690 diversam
862 1624 1022 1688 rationem
1046 1623 1209 1707 bisyllaba
1232 1645 1368 1707 sequun-

223 1737 284 1814 tur,
308 1753 390 1814 quae
413 1733 586 1814 postquam
606 1731 754 1816 legitima
773 1732 913 1817 synizesi
933 1732 1019 1796 facta
1039 1735 1115 1796 sunt
1134 1731 1369 1826 monosyllaba,

223 1860 350 1902 rursum
374 1859 446 1901 cum
470 1838 618 1921 proxima
640 1859 719 1903 voce
743 1843 871 1903 coeunt:
895 1861 960 1902 uon
984 1839 1085 1922 igitur
1108 1859 1217 1902 carere
1236 1841 1369 1902 accentu

224 1944 392 2009 dicendum
420 1944 488 2008 vim
515 1945 693 2009 sententiae
722 1945 885 2009 sustinens
912 1967 945 2008 eo
974 1966 1152 2029 pronomen
1175 1943 1265 2008 Trin.
1290 1943 1368 2008 852:

223 2035 390 2114 ‘et-omo
412 2051 541 2115 aduenit
562 2051 616 2134 [cf.
640 2074 670 2135 p.
693 2051 782 2134 399].
829 2049 980 2116 Ceterum
1011 2051 1107 2116 facile
1136 2072 1222 2116 nuno
1245 2049 1369 2113 intelle-

224 2157 313 2241 gitur
335 2157 434 2221 etiam
453 2158 487 2220 in
507 2157 592 2222 thesi
611 2158 728 2242 positis
747 2157 904 2241 parilibus
923 2157 1199 2222 contractionibus
1218 2147 1254 2239 li,
1277 2147 1369 2239 mtrrq

224 2257 323 2348 tium,
351 2265 379 2328 si
402 2287 423 2328 a
445 2264 611 2329 vocalibus
635 2265 849 2348 excipiantur,
878 2263 1111 2348 synaloepham
1141 2263 1249 2348 potius
1273 2285 1369 2346 squam

224 2370 391 2436 elisionem
406 2370 621 2436 adhibendam
637 2393 720 2437 esse:
742 2373 789 2436 rei
802 2371 994 2454 drpomento,
1011 2391 1075 2436 neco
1089 2371 1252 2454 arbitrato,
1275 2372 1370 2434 causa

222 2477 273 2556 fui
295 2477 360 2562 huc,
385 2481 417 2543 et
437 2500 520 2562 quae
538 2479 664 2565 reliqua
678 2501 776 2563 supra
790 2478 1112 2543 commemoravimus
1127 2477 1370 2562 p.cn1v[399].

313 2583 436 2660 Quodsi
461 2584 509 2648 vel
533 2586 579 2649 sic
604 2584 763 2668 quaedam
785 2585 900 2651 relicta
923 2590 1012 2668 sunt,
1035 2607 1231 2670 quamquam
1255 2605 1293 2649 ea
1311 2607 1370 2648 nu·

225 2711 314 2754 mero
333 2712 445 2776 pauca,
468 2713 549 2776 quae
568 2713 642 2756 cum
661 2691 803 2756 notionis
823 2691 987 2776 gravitate
1006 2692 1148 2777 insignia
1166 2692 1242 2776 sint,
1261 2697 1370 2756 tamen

223 2817 282 2860 neo
309 2802 475 2863 accentum
499 2798 659 2882 recipiant
681 2819 739 2862 nec
768 2820 879 2862 earum
903 2819 983 2882 quas
1007 2798 1240 2882 explicavimus
1263 2798 1370 2863 defen-

224 2904 352 2969 sionum
384 2906 541 2990 aliquam:
574 2905 807 2970 recordandum
839 2909 889 2969 est
918 2904 1004 2988 quod
1034 2904 1076 2968 ab
1106 2905 1199 2969 initio
1231 2904 1369 2969 diximus

225 3015 414 3075 accentuum
433 3013 667 3097 notionumque
686 3013 929 3077 convenientiae
948 3014 1061 3096 poetas
1081 3015 1263 3095 quantum
1282 3033 1370 3094 pos·

225 3121 311 3182 sent
333 3117 504 3183 studuisse.
550 3099 661 3202 Neque
685 3120 770 3183 enim
794 3118 922 3183 eosdem
947 3117 1116 3182 celandum
1141 3123 1191 3182 est
1213 3118 1371 3182 nonnulla

224 3225 317 3289 vivae
346 3224 417 3288 vooi
447 3225 656 3290 recitantium
689 3225 855 3310 reliquisse
888 3229 1015 3309 praeter
1048 3227 1130 3288 ictus
1164 3247 1369 3291 numerorum

224 3331 366 3395 acuenda
394 3335 490 3415 atque
519 3332 707 3398 extollenda
753 3331 823 3398 Nec
852 3334 997 3417 profecto
1022 3333 1219 3416 mirandum,
1248 3332 1370 3416 aliquid
1408 3359 1409 3362 ¹

225 3435 264 3500 de
294 3458 439 3501 summae
470 3439 652 3503 severitatis
683 3440 868 3503 constantia
897 3461 952 3503 eos
983 3440 1157 3522 remisisse,
1189 3440 1306 3525 quibus
1337 3443 1371 3504 et

226 3543 438 3625 grammatico
458 3565 530 3608 eum
550 3543 737 3627 rhythmico
757 3549 889 3610 accentu
910 3545 1124 3611 consociando
1141 3549 1174 3610 ct
1187 3545 1370 3629 rhythmico

226 3654 358 3714 accentu
390 3671 462 3714 eum
492 3650 600 3735 logico
631 3651 837 3736 exaequando
869 3651 1006 3716 maiores
1040 3657 1149 3717 essent
1181 3675 1278 3738 quam
1310 3653 1370 3716 ulli

225 3757 439 3840 posteriorum
472 3760 671 3824 saeculorum
702 3763 817 3843 poetae
847 3759 1057 3823 difficultates
1088 3760 1302 3844 superandae:
1335 3765 1370 3824 ut

226 3863 331 3928 multo
350 3864 455 3948 magis
475 3865 623 3931 miranda
642 3867 686 3931 sit
705 3870 802 3950 atque
821 3865 1011 3930 admiranda
1030 3867 1227 3950 exceptionis
1242 3868 1368 3932 raritas.

224 3967 331 4034 Huius
346 3992 472 4054 quoquc
487 3974 614 4056 generis
628 3973 829 4038 notabiliora
843 3973 1002 4057 quaedam
1018 3974 1160 4037 afferam.
1189 3971 1240 4037 Sic
1256 3976 1370 4037 contra

224 4075 429 4160 rhythmicos
456 4079 539 4142 ictus
563 4079 650 4146 Trin.
674 4103 702 4144 v.
726 4081 769 4145 65
792 4079 977 4145 recitandus
1006 4083 1069 4142 est:
1097 4079 1216 4160 Edcpdl
1239 4081 1371 4160 proinde

225 4187 261 4246 ut
281 4184 345 4248 diu
367 4185 497 4267 uiuitur,
520 4185 604 4249 dene
625 4188 755 4250 uiuido.
792 4185 885 4262 Quod
904 4185 1033 4270 quidem
1056 4185 1152 4249 facile
1175 4185 1371 4269 perspicitur

226 4312 291 4354 non
320 4292 463 4374 potuisse
492 4291 558 4356 ullo
587 4297 683 4375 pacto
714 4293 809 4356 aliter
831 4293 972 4375 institui,
1000 4293 1028 4356 si
1052 4291 1147 4356 modo
1170 4290 1233 4354 hac
1256 4292 1306 4355 vel
1331 4293 1371 4357 si-

226 4397 296 4460 mili
319 4398 443 4463 ratione
467 4399 555 4463 illam
581 4399 684 4482 ipsam
709 4400 904 4464 sententiam
928 4401 1038 4462 efferre
1062 4401 1159 4480 poeta
1183 4397 1289 4482 vellet,
1312 4419 1370 4463 noc

224 4526 356 4587 prorsus
381 4506 453 4569 aliis
479 4505 584 4569 verbis
609 4504 764 4588 quaesitis
785 4506 880 4588 plane
900 4505 1060 4570 diversam
1080 4503 1368 4570 conformationem
1384 4530 1508 4571 couxvrr
