<?xml version="1.0" encoding="UTF-8"?>
<!DOCTYPE html PUBLIC "-//W3C//DTD XHTML 1.0 Transitional//EN"
    "http://www.w3.org/TR/xhtml1/DTD/xhtml1-transitional.dtd">
<html xmlns="http://www.w3.org/1999/xhtml" xml:lang="en" lang="en">
 <head>
  <title>
</title>
<meta http-equiv="Content-Type" content="text/html;charset=utf-8" />
  <meta name='ocr-system' content='tesseract 3.04.00' />
  <meta name='ocr-capabilities' content='ocr_page ocr_carea ocr_par ocr_line ocrx_word'/>
</head>
<body>
  <div class='ocr_page' id='page_1' title='image "./fridericiritsch07wachgoog_0372.png"; bbox 0 0 3338 5072; ppageno 0'>
   <div class='ocr_carea' id='block_1_1' title="bbox 520 407 1346 477">
    <p class='ocr_par' dir='ltr' id='par_1_1' title="bbox 520 407 1346 477">
     <span class='ocr_line' id='line_1_1' title="bbox 520 407 1346 477; baseline 0 -3"><span class='ocrx_word' id='word_1_1' title='bbox 520 427 784 477; x_wconf 76' lang='lat' dir='ltr'><strong>sununsmonrs</strong></span> <span class='ocrx_word' id='word_1_2' title='bbox 807 425 1014 476; x_wconf 69' lang='lat' dir='ltr'><strong>susurrum.</strong></span> <span class='ocrx_word' id='word_1_3' title='bbox 1279 407 1346 474; x_wconf 85' lang='lat'><strong>355</strong></span> 
     </span>
    </p>
   </div>
   <div class='ocr_carea' id='block_1_2' title="bbox 166 569 1405 4083">
    <p class='ocr_par' dir='ltr' id='par_1_2' title="bbox 166 569 1405 4083">
     <span class='ocr_line' id='line_1_2' title="bbox 200 569 1345 654; baseline 0 -21"><span class='ocrx_word' id='word_1_4' title='bbox 200 569 302 634; x_wconf 92' lang='lat' dir='ltr'><strong>finitis</strong></span> <span class='ocrx_word' id='word_1_5' title='bbox 323 569 504 654; x_wconf 82' lang='lat' dir='ltr'><strong>adiungere,</strong></span> <span class='ocrx_word' id='word_1_6' title='bbox 527 574 564 635; x_wconf 92' lang='lat' dir='ltr'><strong>ut</strong></span> <span class='ocrx_word' id='word_1_7' title='bbox 586 591 646 654; x_wconf 78' lang='lat' dir='ltr'><strong>quc</strong></span> <span class='ocrx_word' id='word_1_8' title='bbox 669 573 718 636; x_wconf 82' lang='lat' dir='ltr'><strong>ted</strong></span> <span class='ocrx_word' id='word_1_9' title='bbox 737 570 792 638; x_wconf 81' lang='lat' dir='ltr'><strong>hoc</strong></span> <span class='ocrx_word' id='word_1_10' title='bbox 809 571 906 636; x_wconf 74' lang='lat' dir='ltr'><strong>ooctrb</strong></span> <span class='ocrx_word' id='word_1_11' title='bbox 926 571 1041 652; x_wconf 77' lang='lat' dir='ltr'><strong>[dc&#39;cam</strong></span> <span class='ocrx_word' id='word_1_12' title='bbox 1058 569 1231 652; x_wconf 76' lang='lat' dir='ltr'><strong>prclsiccsci</strong></span> <span class='ocrx_word' id='word_1_13' title='bbox 1250 569 1345 649; x_wconf 79' lang='lat' dir='ltr'><strong>soros.</strong></span> 
     </span>
     <span class='ocr_line' id='line_1_3' title="bbox 201 675 1346 760; baseline 0.001 -20"><span class='ocrx_word' id='word_1_14' title='bbox 201 676 257 741; x_wconf 90' lang='lat' dir='ltr'><strong>sed</strong></span> <span class='ocrx_word' id='word_1_15' title='bbox 280 681 313 740; x_wconf 92' lang='lat' dir='ltr'><strong>et</strong></span> <span class='ocrx_word' id='word_1_16' title='bbox 335 698 393 760; x_wconf 87' lang='lat' dir='ltr'><strong>per</strong></span> <span class='ocrx_word' id='word_1_17' title='bbox 416 682 428 741; x_wconf 83' lang='lat' dir='ltr'><strong>l</strong></span> <span class='ocrx_word' id='word_1_18' title='bbox 450 676 548 743; x_wconf 81' lang='lat' dir='ltr'>scribi</span> <span class='ocrx_word' id='word_1_19' title='bbox 572 699 671 743; x_wconf 89' lang='lat' dir='ltr'><strong>sonus</strong></span> <span class='ocrx_word' id='word_1_20' title='bbox 694 677 784 743; x_wconf 87' lang='lat' dir='ltr'><strong>uocis</strong></span> <span class='ocrx_word' id='word_1_21' title='bbox 809 675 975 743; x_wconf 74' lang='lat' dir='ltr'><strong>admittit?</strong></span> <span class='ocrx_word' id='word_1_22' title='bbox 1021 675 1112 742; x_wconf 90' lang='lat' dir='ltr'><strong>Nihil</strong></span> <span class='ocrx_word' id='word_1_23' title='bbox 1135 677 1169 740; x_wconf 90' lang='lat' dir='ltr'><strong>in</strong></span> <span class='ocrx_word' id='word_1_24' title='bbox 1193 675 1259 741; x_wconf 91' lang='lat' dir='ltr'><strong>illis</strong></span> <span class='ocrx_word' id='word_1_25' title='bbox 1282 677 1346 742; x_wconf 89' lang='lat' dir='ltr'><strong>nisi</strong></span> 
     </span>
     <span class='ocr_line' id='line_1_4' title="bbox 200 782 1345 869; baseline 0.001 -20"><span class='ocrx_word' id='word_1_26' title='bbox 200 788 237 849; x_wconf 92' lang='lat' dir='ltr'><strong>ut</strong></span> <span class='ocrx_word' id='word_1_27' title='bbox 261 783 387 849; x_wconf 85' lang='lat' dir='ltr'><strong>videtur</strong></span> <span class='ocrx_word' id='word_1_28' title='bbox 409 782 471 850; x_wconf 89' lang='lat' dir='ltr'><strong>hoc</strong></span> <span class='ocrx_word' id='word_1_29' title='bbox 494 784 696 850; x_wconf 84' lang='lat' dir='ltr'><strong>mutandum:</strong></span> <span class='ocrx_word' id='word_1_30' title='bbox 728 783 807 849; x_wconf 73' lang='lat' dir='ltr'><strong>‘boc</strong></span> <span class='ocrx_word' id='word_1_31' title='bbox 830 785 929 865; x_wconf 85' lang='lat' dir='ltr'><strong>enim,</strong></span> <span class='ocrx_word' id='word_1_32' title='bbox 953 804 1072 869; x_wconf 81' lang='lat' dir='ltr'><strong>graeca</strong></span> <span class='ocrx_word' id='word_1_33' title='bbox 1094 806 1157 849; x_wconf 85' lang='lat' dir='ltr'><strong>uox</strong></span> <span class='ocrx_word' id='word_1_34' title='bbox 1181 783 1229 868; x_wconf 88' lang='grc' dir='ltr'><strong>οὐ,</strong></span> <span class='ocrx_word' id='word_1_35' title='bbox 1251 785 1274 850; x_wconf 87' lang='lat' dir='ltr'><strong>d</strong></span> <span class='ocrx_word' id='word_1_36' title='bbox 1295 784 1345 850; x_wconf 89' lang='lat' dir='ltr'><strong>lit·</strong></span> 
     </span>
     <span class='ocr_line' id='line_1_5' title="bbox 201 890 1345 976; baseline 0.001 -21"><span class='ocrx_word' id='word_1_37' title='bbox 201 893 272 956; x_wconf 90' lang='lat' dir='ltr'><strong>tera</strong></span> <span class='ocrx_word' id='word_1_38' title='bbox 293 894 317 956; x_wconf 93' lang='lat' dir='ltr'><strong>t.</strong></span> <span class='ocrx_word' id='word_1_39' title='bbox 342 913 369 956; x_wconf 90' lang='lat' dir='ltr'><strong>a.</strong></span> <span class='ocrx_word' id='word_1_40' title='bbox 394 913 421 957; x_wconf 81' lang='lat' dir='ltr'><strong>a</strong></span> <span class='ocrx_word' id='word_1_41' title='bbox 444 890 482 959; x_wconf 88' lang='lat' dir='ltr'><strong>c.&#39;</strong></span> <span class='ocrx_word' id='word_1_42' title='bbox 519 891 691 958; x_wconf 89' lang='lat' dir='ltr'><strong>Postrema</strong></span> <span class='ocrx_word' id='word_1_43' title='bbox 713 891 774 975; x_wconf 89' lang='lat' dir='ltr'><strong>his,</strong></span> <span class='ocrx_word' id='word_1_44' title='bbox 797 895 834 956; x_wconf 93' lang='lat' dir='ltr'><strong>ut</strong></span> <span class='ocrx_word' id='word_1_45' title='bbox 857 895 907 956; x_wconf 85' lang='lat' dir='ltr'><strong>eet</strong></span> <span class='ocrx_word' id='word_1_46' title='bbox 930 891 965 957; x_wconf 90' lang='lat' dir='ltr'><strong>in</strong></span> <span class='ocrx_word' id='word_1_47' title='bbox 988 890 1170 976; x_wconf 80' lang='lat' dir='ltr'><strong>proverbio,</strong></span> <span class='ocrx_word' id='word_1_48' title='bbox 1193 890 1345 976; x_wconf 77' lang='lat' dir='ltr'><strong>colopho</strong></span> 
     </span>
     <span class='ocr_line' id='line_1_6' title="bbox 200 997 1347 1087; baseline -0.002 -23"><span class='ocrx_word' id='word_1_49' title='bbox 200 1019 274 1064; x_wconf 90' lang='lat' dir='ltr'><strong>nem</strong></span> <span class='ocrx_word' id='word_1_50' title='bbox 294 997 393 1065; x_wconf 87' lang='lat' dir='ltr'><strong>addat</strong></span> <span class='ocrx_word' id='word_1_51' title='bbox 406 997 532 1065; x_wconf 89' lang='lat' dir='ltr'><strong>Phocas</strong></span> <span class='ocrx_word' id='word_1_52' title='bbox 551 999 590 1065; x_wconf 87' lang='lat' dir='ltr'><strong>de</strong></span> <span class='ocrx_word' id='word_1_53' title='bbox 610 1001 808 1085; x_wconf 72' lang='lat' dir='ltr'><strong>aspiratione</strong></span> <span class='ocrx_word' id='word_1_54' title='bbox 821 1024 851 1085; x_wconf 90' lang='lat' dir='ltr'><strong>p.</strong></span> <span class='ocrx_word' id='word_1_55' title='bbox 870 998 956 1065; x_wconf 81' lang='grc'><strong>1724</strong></span> <span class='ocrx_word' id='word_1_56' title='bbox 972 1000 1060 1084; x_wconf 86' lang='grc'><strong>[440,</strong></span> <span class='ocrx_word' id='word_1_57' title='bbox 1073 999 1117 1064; x_wconf 89' lang='grc'><strong>42</strong></span> <span class='ocrx_word' id='word_1_58' title='bbox 1133 997 1201 1087; x_wconf 85' lang='lat' dir='ltr'><strong>K.]:</strong></span> <span class='ocrx_word' id='word_1_59' title='bbox 1225 997 1347 1064; x_wconf 83' lang='lat' dir='ltr'><strong>‘omnia</strong></span> 
     </span>
     <span class='ocr_line' id='line_1_7' title="bbox 201 1103 1347 1192; baseline 0 -22"><span class='ocrx_word' id='word_1_60' title='bbox 201 1127 284 1190; x_wconf 88' lang='lat' dir='ltr'><strong>qnae</strong></span> <span class='ocrx_word' id='word_1_61' title='bbox 314 1126 358 1170; x_wconf 84' lang='lat' dir='ltr'><strong>au</strong></span> <span class='ocrx_word' id='word_1_62' title='bbox 390 1104 629 1192; x_wconf 81' lang='lat' dir='ltr'><strong>diphthongum</strong></span> <span class='ocrx_word' id='word_1_63' title='bbox 661 1107 696 1170; x_wconf 93' lang='lat' dir='ltr'><strong>in</strong></span> <span class='ocrx_word' id='word_1_64' title='bbox 728 1107 833 1191; x_wconf 90' lang='lat' dir='ltr'><strong>prima</strong></span> <span class='ocrx_word' id='word_1_65' title='bbox 866 1105 991 1190; x_wconf 82' lang='lat' dir='ltr'><strong>syllaba</strong></span> <span class='ocrx_word' id='word_1_66' title='bbox 1022 1103 1202 1188; x_wconf 90' lang='lat' dir='ltr'><strong>habebunt,</strong></span> <span class='ocrx_word' id='word_1_67' title='bbox 1235 1103 1347 1170; x_wconf 85' lang='lat' dir='ltr'><strong>dasian</strong></span> 
     </span>
     <span class='ocr_line' id='line_1_8' title="bbox 201 1210 1347 1298; baseline 0 -22"><span class='ocrx_word' id='word_1_68' title='bbox 201 1214 394 1298; x_wconf 87' lang='lat' dir='ltr'><strong>respuerunt</strong></span> <span class='ocrx_word' id='word_1_69' title='bbox 411 1214 449 1276; x_wconf 91' lang='lat' dir='ltr'><strong>ut</strong></span> <span class='ocrx_word' id='word_1_70' title='bbox 467 1214 581 1278; x_wconf 75' lang='lat' dir='ltr'><strong>codas.</strong></span> <span class='ocrx_word' id='word_1_71' title='bbox 606 1212 811 1298; x_wconf 78' lang='lat' dir='ltr'><strong>designatum</strong></span> <span class='ocrx_word' id='word_1_72' title='bbox 831 1216 881 1278; x_wconf 91' lang='lat' dir='ltr'><strong>est</strong></span> <span class='ocrx_word' id='word_1_73' title='bbox 899 1212 997 1278; x_wconf 76' lang='lat' dir='ltr'><strong>lmcd:</strong></span> <span class='ocrx_word' id='word_1_74' title='bbox 1016 1210 1101 1277; x_wconf 91' lang='lat' dir='ltr'><strong>unde</strong></span> <span class='ocrx_word' id='word_1_75' title='bbox 1118 1211 1244 1278; x_wconf 63' lang='lat' dir='ltr'><strong>horeum</strong></span> <span class='ocrx_word' id='word_1_76' title='bbox 1262 1233 1347 1276; x_wconf 92' lang='lat' dir='ltr'><strong>com·</strong></span> 
     </span>
     <span class='ocr_line' id='line_1_9' title="bbox 201 1318 1347 1406; baseline 0 -22"><span class='ocrx_word' id='word_1_77' title='bbox 201 1320 345 1403; x_wconf 89' lang='lat' dir='ltr'><strong>positum</strong></span> <span class='ocrx_word' id='word_1_78' title='bbox 374 1319 531 1405; x_wconf 90' lang='lat' dir='ltr'><strong>simplicis</strong></span> <span class='ocrx_word' id='word_1_79' title='bbox 562 1319 697 1386; x_wconf 77' lang='lat' dir='ltr'><strong>habebit</strong></span> <span class='ocrx_word' id='word_1_80' title='bbox 726 1319 942 1406; x_wconf 67' lang='lat' dir='ltr'><strong>scripturam?</strong></span> <span class='ocrx_word' id='word_1_81' title='bbox 988 1319 1098 1384; x_wconf 83' lang='lat' dir='ltr'><strong>Fluxit</strong></span> <span class='ocrx_word' id='word_1_82' title='bbox 1126 1318 1188 1384; x_wconf 91' lang='lat' dir='ltr'><strong>hoc</strong></span> <span class='ocrx_word' id='word_1_83' title='bbox 1219 1340 1347 1406; x_wconf 88' lang='lat' dir='ltr'><strong>quoqne</strong></span> 
     </span>
     <span class='ocr_line' id='line_1_10' title="bbox 202 1425 1349 1516; baseline 0.002 -26"><span class='ocrx_word' id='word_1_84' title='bbox 202 1447 219 1490; x_wconf 90' lang='lat' dir='ltr'><strong>e</strong></span> <span class='ocrx_word' id='word_1_85' title='bbox 243 1426 383 1512; x_wconf 82' lang='lat' dir='ltr'><strong>genuino</strong></span> <span class='ocrx_word' id='word_1_86' title='bbox 412 1425 503 1493; x_wconf 86' lang='lat' dir='ltr'><strong>fonte</strong></span> <span class='ocrx_word' id='word_1_87' title='bbox 532 1427 683 1516; x_wconf 77' lang='lat' dir='ltr'><strong>antiquae</strong></span> <span class='ocrx_word' id='word_1_88' title='bbox 711 1427 890 1513; x_wconf 83' lang='lat' dir='ltr'><strong>doctrinae,</strong></span> <span class='ocrx_word' id='word_1_89' title='bbox 917 1427 980 1492; x_wconf 90' lang='lat' dir='ltr'><strong>nisi</strong></span> <span class='ocrx_word' id='word_1_90' title='bbox 1004 1427 1090 1512; x_wconf 90' lang='lat' dir='ltr'><strong>quod</strong></span> <span class='ocrx_word' id='word_1_91' title='bbox 1112 1449 1179 1492; x_wconf 93' lang='lat' dir='ltr'><strong>non</strong></span> <span class='ocrx_word' id='word_1_92' title='bbox 1202 1449 1241 1492; x_wconf 88' lang='lat' dir='ltr'><strong>ex</strong></span> <span class='ocrx_word' id='word_1_93' title='bbox 1263 1425 1349 1492; x_wconf 74' lang='lat' dir='ltr'><strong>told</strong></span> 
     </span>
     <span class='ocr_line' id='line_1_11' title="bbox 202 1533 1405 1622; baseline 0 -26"><span class='ocrx_word' id='word_1_94' title='bbox 202 1536 235 1596; x_wconf 87' lang='lat' dir='ltr'><strong>et</strong></span> <span class='ocrx_word' id='word_1_95' title='bbox 257 1535 327 1617; x_wconf 82' lang='lat' dir='ltr'><strong>scio,</strong></span> <span class='ocrx_word' id='word_1_96' title='bbox 356 1533 412 1598; x_wconf 90' lang='lat' dir='ltr'><strong>sed</strong></span> <span class='ocrx_word' id='word_1_97' title='bbox 436 1555 473 1600; x_wconf 85' lang='lat' dir='ltr'><strong>er</strong></span> <span class='ocrx_word' id='word_1_98' title='bbox 497 1533 559 1600; x_wconf 89' lang='lat' dir='ltr'><strong>hcc</strong></span> <span class='ocrx_word' id='word_1_99' title='bbox 582 1538 614 1600; x_wconf 90' lang='lat' dir='ltr'><strong>et</strong></span> <span class='ocrx_word' id='word_1_100' title='bbox 636 1535 700 1600; x_wconf 83' lang='lat' dir='ltr'><strong>hou</strong></span> <span class='ocrx_word' id='word_1_101' title='bbox 723 1535 874 1620; x_wconf 91' lang='lat' dir='ltr'><strong>componi</strong></span> <span class='ocrx_word' id='word_1_102' title='bbox 896 1534 1048 1600; x_wconf 69' lang='lat' dir='ltr'><strong>lacuscin</strong></span> <span class='ocrx_word' id='word_1_103' title='bbox 1071 1533 1219 1622; x_wconf 79' lang='lat' dir='ltr'><strong>fugiebat</strong></span> <span class='ocrx_word' id='word_1_104' title='bbox 1242 1555 1347 1620; x_wconf 82' lang='lat' dir='ltr'><strong>gram-</strong></span> <span class='ocrx_word' id='word_1_105' title='bbox 1361 1555 1405 1597; x_wconf 87' lang='lat' dir='ltr'><strong>on</strong></span> 
     </span>
     <span class='ocr_line' id='line_1_12' title="bbox 200 1638 1346 1727; baseline 0 -22"><span class='ocrx_word' id='word_1_106' title='bbox 200 1641 363 1707; x_wconf 88' lang='lat' dir='ltr'><strong>matioum.</strong></span> <span class='ocrx_word' id='word_1_107' title='bbox 414 1638 476 1706; x_wconf 84' lang='lat' dir='ltr'><strong>Sed</strong></span> <span class='ocrx_word' id='word_1_108' title='bbox 506 1642 546 1707; x_wconf 88' lang='lat' dir='ltr'><strong>de</strong></span> <span class='ocrx_word' id='word_1_109' title='bbox 575 1642 633 1707; x_wconf 87' lang='lat' dir='ltr'><strong>tali</strong></span> <span class='ocrx_word' id='word_1_110' title='bbox 665 1641 846 1726; x_wconf 90' lang='lat' dir='ltr'><strong>composito</strong></span> <span class='ocrx_word' id='word_1_111' title='bbox 876 1641 1125 1727; x_wconf 87' lang='lat' dir='ltr'><strong>haudquaquam</strong></span> <span class='ocrx_word' id='word_1_112' title='bbox 1158 1663 1231 1708; x_wconf 89' lang='lat' dir='ltr'><strong>eum</strong></span> <span class='ocrx_word' id='word_1_113' title='bbox 1262 1663 1346 1706; x_wconf 88' lang='lat' dir='ltr'><strong>som·</strong></span> 
     </span>
     <span class='ocr_line' id='line_1_13' title="bbox 200 1745 1347 1832; baseline 0 -20"><span class='ocrx_word' id='word_1_114' title='bbox 200 1746 316 1831; x_wconf 85' lang='lat' dir='ltr'><strong>niasse,</strong></span> <span class='ocrx_word' id='word_1_115' title='bbox 341 1748 534 1815; x_wconf 90' lang='lat' dir='ltr'><strong>documento</strong></span> <span class='ocrx_word' id='word_1_116' title='bbox 558 1754 609 1814; x_wconf 90' lang='lat' dir='ltr'><strong>est</strong></span> <span class='ocrx_word' id='word_1_117' title='bbox 631 1748 856 1815; x_wconf 87' lang='lat' dir='ltr'><strong>Palatinorum</strong></span> <span class='ocrx_word' id='word_1_118' title='bbox 880 1749 914 1814; x_wconf 93' lang='lat' dir='ltr'><strong>in</strong></span> <span class='ocrx_word' id='word_1_119' title='bbox 932 1747 1153 1815; x_wconf 89' lang='lat' dir='ltr'><strong>Mostellariae</strong></span> <span class='ocrx_word' id='word_1_120' title='bbox 1176 1769 1270 1815; x_wconf 85' lang='lat' dir='ltr'><strong>versu</strong></span> <span class='ocrx_word' id='word_1_121' title='bbox 1289 1745 1347 1832; x_wconf 90' lang='lat' dir='ltr'>III,</span> 
     </span>
     <span class='ocr_line' id='line_1_14' title="bbox 200 1838 1346 1942; baseline 0.003 -25"><span class='ocrx_word' id='word_1_122' title='bbox 200 1853 230 1936; x_wconf 86' lang='grc'><strong>2,</strong></span> <span class='ocrx_word' id='word_1_123' title='bbox 248 1854 292 1919; x_wconf 90' lang='grc'><strong>96</strong></span> <span class='ocrx_word' id='word_1_124' title='bbox 313 1838 473 1940; x_wconf 82' lang='lat' dir='ltr'><strong>scriptura</strong></span> <span class='ocrx_word' id='word_1_125' title='bbox 489 1856 612 1937; x_wconf 67' lang='lat' dir='ltr'><strong>lacuscin</strong></span> <span class='ocrx_word' id='word_1_126' title='bbox 635 1854 701 1942; x_wconf 88' lang='lat' dir='ltr'><strong>(cui</strong></span> <span class='ocrx_word' id='word_1_127' title='bbox 724 1859 903 1923; x_wconf 89' lang='lat' dir='ltr'><strong>recentiore</strong></span> <span class='ocrx_word' id='word_1_128' title='bbox 926 1879 1024 1922; x_wconf 89' lang='lat' dir='ltr'><strong>manu</strong></span> <span class='ocrx_word' id='word_1_129' title='bbox 1048 1857 1300 1941; x_wconf 87' lang='lat' dir='ltr'><strong>superscriptum</strong></span> <span class='ocrx_word' id='word_1_130' title='bbox 1319 1853 1346 1940; x_wconf 79' lang='lat' dir='ltr'><strong>t)</strong></span> 
     </span>
     <span class='ocr_line' id='line_1_15' title="bbox 200 1961 1347 2047; baseline 0.001 -23"><span class='ocrx_word' id='word_1_131' title='bbox 200 1961 234 2025; x_wconf 92' lang='lat' dir='ltr'><strong>in</strong></span> <span class='ocrx_word' id='word_1_132' title='bbox 258 1961 300 2046; x_wconf 88' lang='lat' dir='ltr'><strong>B,</strong></span> <span class='ocrx_word' id='word_1_133' title='bbox 327 1962 448 2045; x_wconf 78' lang='lat' dir='ltr'><strong>bcosclc</strong></span> <span class='ocrx_word' id='word_1_134' title='bbox 472 1964 507 2028; x_wconf 90' lang='lat' dir='ltr'><strong>in</strong></span> <span class='ocrx_word' id='word_1_135' title='bbox 530 1962 562 2030; x_wconf 81' lang='grc' dir='ltr'><strong>Ο.</strong></span> <span class='ocrx_word' id='word_1_136' title='bbox 608 1961 759 2031; x_wconf 84' lang='lat' dir='ltr'><strong>Ceterum</strong></span> <span class='ocrx_word' id='word_1_137' title='bbox 788 1967 887 2031; x_wconf 89' lang='lat' dir='ltr'><strong>etiam</strong></span> <span class='ocrx_word' id='word_1_138' title='bbox 909 1963 1059 2046; x_wconf 77' lang='lat' dir='ltr'><strong>lmcsccus</strong></span> <span class='ocrx_word' id='word_1_139' title='bbox 1079 1963 1214 2030; x_wconf 89' lang='lat' dir='ltr'><strong>Poennli</strong></span> <span class='ocrx_word' id='word_1_140' title='bbox 1237 1961 1294 2047; x_wconf 88' lang='lat' dir='ltr'><strong>IV,</strong></span> <span class='ocrx_word' id='word_1_141' title='bbox 1317 1961 1347 2046; x_wconf 82' lang='lat'><strong>2,</strong></span> 
     </span>
     <span class='ocr_line' id='line_1_16' title="bbox 204 2069 474 2137; baseline 0.007 -3"><span class='ocrx_word' id='word_1_142' title='bbox 204 2070 243 2135; x_wconf 84' lang='lat'><strong>13</strong></span> <span class='ocrx_word' id='word_1_143' title='bbox 266 2069 301 2134; x_wconf 89' lang='grc' dir='ltr'><em>Β</em></span> <span class='ocrx_word' id='word_1_144' title='bbox 324 2071 474 2137; x_wconf 77' lang='lat' dir='ltr'><strong>servavit.</strong></span> 
     </span>
     <span class='ocr_line' id='line_1_17' title="bbox 288 2175 1347 2260; baseline -0.001 -18"><span class='ocrx_word' id='word_1_145' title='bbox 288 2175 472 2244; x_wconf 83' lang='lat' dir='ltr'><strong>Molliorem</strong></span> <span class='ocrx_word' id='word_1_146' title='bbox 496 2201 569 2244; x_wconf 88' lang='lat' dir='ltr'><strong>oum</strong></span> <span class='ocrx_word' id='word_1_147' title='bbox 593 2179 720 2246; x_wconf 89' lang='lat' dir='ltr'><strong>duriore</strong></span> <span class='ocrx_word' id='word_1_148' title='bbox 745 2201 825 2246; x_wconf 90' lang='lat' dir='ltr'><strong>sono</strong></span> <span class='ocrx_word' id='word_1_149' title='bbox 845 2181 967 2244; x_wconf 86' lang='lat' dir='ltr'><strong>mutavi</strong></span> <span class='ocrx_word' id='word_1_150' title='bbox 987 2179 1086 2244; x_wconf 89' lang='lat' dir='ltr'><strong>etiam</strong></span> <span class='ocrx_word' id='word_1_151' title='bbox 1104 2179 1139 2242; x_wconf 93' lang='lat' dir='ltr'><strong>in</strong></span> <span class='ocrx_word' id='word_1_152' title='bbox 1155 2176 1347 2260; x_wconf 75' lang='lat' dir='ltr'><strong>poplicus,</strong></span> 
     </span>
     <span class='ocr_line' id='line_1_18' title="bbox 200 2281 1347 2372; baseline 0 -26"><span class='ocrx_word' id='word_1_153' title='bbox 200 2282 233 2346; x_wconf 91' lang='lat' dir='ltr'><strong>id</strong></span> <span class='ocrx_word' id='word_1_154' title='bbox 261 2282 317 2347; x_wconf 90' lang='lat' dir='ltr'><strong>nbi</strong></span> <span class='ocrx_word' id='word_1_155' title='bbox 339 2284 417 2350; x_wconf 90' lang='lat' dir='ltr'><strong>libri</strong></span> <span class='ocrx_word' id='word_1_156' title='bbox 441 2285 606 2370; x_wconf 88' lang='lat' dir='ltr'><strong>offerrent,</strong></span> <span class='ocrx_word' id='word_1_157' title='bbox 634 2290 671 2350; x_wconf 91' lang='lat' dir='ltr'><strong>ut</strong></span> <span class='ocrx_word' id='word_1_158' title='bbox 693 2309 721 2352; x_wconf 84' lang='lat' dir='ltr'><strong>v.</strong></span> <span class='ocrx_word' id='word_1_159' title='bbox 744 2287 819 2352; x_wconf 91' lang='grc'><strong>286.</strong></span> <span class='ocrx_word' id='word_1_160' title='bbox 846 2285 940 2371; x_wconf 77' lang='lat'><strong>1057,</strong></span> <span class='ocrx_word' id='word_1_161' title='bbox 967 2307 1031 2372; x_wconf 93' lang='lat' dir='ltr'><strong>qno</strong></span> <span class='ocrx_word' id='word_1_162' title='bbox 1054 2306 1148 2352; x_wconf 80' lang='lat' dir='ltr'><strong>versu</strong></span> <span class='ocrx_word' id='word_1_163' title='bbox 1171 2283 1290 2348; x_wconf 88' lang='lat' dir='ltr'><strong>mirum</strong></span> <span class='ocrx_word' id='word_1_164' title='bbox 1312 2281 1347 2347; x_wconf 91' lang='lat' dir='ltr'><strong>in</strong></span> 
     </span>
     <span class='ocr_line' id='line_1_19' title="bbox 202 2387 1349 2478; baseline -0.001 -25"><span class='ocrx_word' id='word_1_165' title='bbox 202 2388 237 2453; x_wconf 91' lang='lat' dir='ltr'><em>B</em></span> <span class='ocrx_word' id='word_1_166' title='bbox 253 2390 387 2473; x_wconf 77' lang='lat' dir='ltr'><strong>pollicis</strong></span> <span class='ocrx_word' id='word_1_167' title='bbox 402 2392 499 2457; x_wconf 79' lang='lat' dir='ltr'><strong>scribi</strong></span> <span class='ocrx_word' id='word_1_168' title='bbox 523 2395 560 2457; x_wconf 93' lang='lat' dir='ltr'><strong>ut</strong></span> <span class='ocrx_word' id='word_1_169' title='bbox 583 2393 634 2457; x_wconf 88' lang='lat' dir='ltr'><strong>bis</strong></span> <span class='ocrx_word' id='word_1_170' title='bbox 658 2396 826 2478; x_wconf 85' lang='lat' dir='ltr'><strong>praeterea</strong></span> <span class='ocrx_word' id='word_1_171' title='bbox 848 2415 876 2456; x_wconf 88' lang='lat' dir='ltr'><strong>v.</strong></span> <span class='ocrx_word' id='word_1_172' title='bbox 903 2393 996 2458; x_wconf 88' lang='grc'><strong>1044.</strong></span> <span class='ocrx_word' id='word_1_173' title='bbox 1023 2387 1155 2477; x_wconf 77' lang='grc'><strong>1046.*)</strong></span> <span class='ocrx_word' id='word_1_174' title='bbox 1179 2425 1220 2436; x_wconf 87' lang='grc'>-</span> <span class='ocrx_word' id='word_1_175' title='bbox 1246 2389 1310 2454; x_wconf 89' lang='lat' dir='ltr'><strong>Pro</strong></span> <span class='ocrx_word' id='word_1_176' title='bbox 1333 2407 1349 2452; x_wconf 89' lang='lat' dir='ltr'><strong>c</strong></span> 
     </span>
     <span class='ocr_line' id='line_1_20' title="bbox 201 2495 1347 2583; baseline -0.001 -23"><span class='ocrx_word' id='word_1_177' title='bbox 201 2517 218 2560; x_wconf 89' lang='lat' dir='ltr'><strong>e</strong></span> <span class='ocrx_word' id='word_1_178' title='bbox 241 2495 334 2562; x_wconf 89' lang='lat' dir='ltr'><strong>libris</strong></span> <span class='ocrx_word' id='word_1_179' title='bbox 362 2498 601 2582; x_wconf 89' lang='lat' dir='ltr'><strong>suscipiendum</strong></span> <span class='ocrx_word' id='word_1_180' title='bbox 628 2521 650 2583; x_wconf 78' lang='lat' dir='ltr'><strong>p</strong></span> <span class='ocrx_word' id='word_1_181' title='bbox 672 2499 749 2564; x_wconf 86' lang='lat' dir='ltr'><strong>duxi</strong></span> <span class='ocrx_word' id='word_1_182' title='bbox 773 2499 807 2564; x_wconf 92' lang='lat' dir='ltr'><strong>in</strong></span> <span class='ocrx_word' id='word_1_183' title='bbox 831 2501 1004 2582; x_wconf 72' lang='lat' dir='ltr'><strong>parpalic</strong></span> <span class='ocrx_word' id='word_1_184' title='bbox 1026 2522 1055 2564; x_wconf 84' lang='lat' dir='ltr'><strong>v.</strong></span> <span class='ocrx_word' id='word_1_185' title='bbox 1082 2498 1176 2564; x_wconf 89' lang='grc'><strong>1016.</strong></span> <span class='ocrx_word' id='word_1_186' title='bbox 1221 2495 1259 2562; x_wconf 92' lang='lat' dir='ltr'><strong>In</strong></span> <span class='ocrx_word' id='word_1_187' title='bbox 1282 2516 1347 2561; x_wconf 90' lang='lat' dir='ltr'><strong>ser·</strong></span> 
     </span>
     <span class='ocr_line' id='line_1_21' title="bbox 201 2587 1347 2690; baseline 0 -24"><span class='ocrx_word' id='word_1_188' title='bbox 201 2601 306 2668; x_wconf 86' lang='lat' dir='ltr'><strong>vando</strong></span> <span class='ocrx_word' id='word_1_189' title='bbox 330 2608 342 2667; x_wconf 81' lang='lat' dir='ltr'><strong>l</strong></span> <span class='ocrx_word' id='word_1_190' title='bbox 364 2587 427 2689; x_wconf 85' lang='lat' dir='ltr'><strong>pro¹</strong></span> <span class='ocrx_word' id='word_1_191' title='bbox 445 2625 469 2689; x_wconf 89' lang='lat' dir='ltr'><strong>c,</strong></span> <span class='ocrx_word' id='word_1_192' title='bbox 492 2605 583 2669; x_wconf 90' lang='lat' dir='ltr'><strong>utin</strong></span> <span class='ocrx_word' id='word_1_193' title='bbox 601 2607 730 2672; x_wconf 78' lang='lat' dir='ltr'><strong>nuntius</strong></span> <span class='ocrx_word' id='word_1_194' title='bbox 746 2607 885 2688; x_wconf 81' lang='lat' dir='ltr'><strong>pretium</strong></span> <span class='ocrx_word' id='word_1_195' title='bbox 903 2607 1064 2690; x_wconf 73' lang='lat' dir='ltr'><strong>capotium,</strong></span> <span class='ocrx_word' id='word_1_196' title='bbox 1086 2603 1246 2670; x_wconf 88' lang='lat' dir='ltr'><strong>Palatinis</strong></span> <span class='ocrx_word' id='word_1_197' title='bbox 1266 2601 1347 2667; x_wconf 87' lang='lat' dir='ltr'><strong>mul-</strong></span> 
     </span>
     <span class='ocr_line' id='line_1_22' title="bbox 201 2707 1348 2796; baseline -0.002 -23"><span class='ocrx_word' id='word_1_198' title='bbox 201 2713 273 2774; x_wconf 91' lang='lat' dir='ltr'><strong>tum</strong></span> <span class='ocrx_word' id='word_1_199' title='bbox 299 2714 446 2795; x_wconf 82' lang='lat' dir='ltr'><strong>praestat</strong></span> <span class='ocrx_word' id='word_1_200' title='bbox 473 2712 682 2778; x_wconf 83' lang='lat' dir='ltr'><strong>Ambrosiani</strong></span> <span class='ocrx_word' id='word_1_201' title='bbox 715 2711 900 2796; x_wconf 79' lang='lat' dir='ltr'><strong>diligentia:</strong></span> <span class='ocrx_word' id='word_1_202' title='bbox 932 2712 966 2777; x_wconf 93' lang='lat' dir='ltr'><strong>in</strong></span> <span class='ocrx_word' id='word_1_203' title='bbox 997 2712 1132 2778; x_wconf 75' lang='lat' dir='ltr'><strong>condicio</strong></span> <span class='ocrx_word' id='word_1_204' title='bbox 1164 2707 1348 2776; x_wconf 83' lang='lat' dir='ltr'><strong>consentire</strong></span> 
     </span>
     <span class='ocr_line' id='line_1_23' title="bbox 202 2812 1348 2900; baseline -0.005 -17"><span class='ocrx_word' id='word_1_205' title='bbox 202 2839 314 2884; x_wconf 83' lang='lat' dir='ltr'><strong>omnes</strong></span> <span class='ocrx_word' id='word_1_206' title='bbox 342 2819 457 2884; x_wconf 89' lang='lat' dir='ltr'><strong>solent.</strong></span> <span class='ocrx_word' id='word_1_207' title='bbox 488 2855 525 2865; x_wconf 80' lang='grc'>-</span> <span class='ocrx_word' id='word_1_208' title='bbox 557 2818 763 2885; x_wconf 88' lang='lat' dir='ltr'><strong>Geminatem</strong></span> <span class='ocrx_word' id='word_1_209' title='bbox 791 2822 1024 2886; x_wconf 79' lang='lat' dir='ltr'><strong>consonantem</strong></span> <span class='ocrx_word' id='word_1_210' title='bbox 1052 2841 1125 2884; x_wconf 91' lang='lat' dir='ltr'><strong>cum</strong></span> <span class='ocrx_word' id='word_1_211' title='bbox 1153 2817 1185 2881; x_wconf 80' lang='lat' dir='ltr'><em>A</em></span> <span class='ocrx_word' id='word_1_212' title='bbox 1213 2812 1348 2900; x_wconf 85' lang='lat' dir='ltr'><strong>probavi</strong></span> 
     </span>
     <span class='ocr_line' id='line_1_24' title="bbox 202 2920 1348 3012; baseline -0.004 -23"><span class='ocrx_word' id='word_1_213' title='bbox 202 2925 236 2989; x_wconf 93' lang='lat' dir='ltr'><strong>in</strong></span> <span class='ocrx_word' id='word_1_214' title='bbox 258 2945 454 2992; x_wconf 83' lang='lat' dir='ltr'><strong>comessum</strong></span> <span class='ocrx_word' id='word_1_215' title='bbox 477 2949 505 2992; x_wconf 86' lang='lat' dir='ltr'><strong>v.</strong></span> <span class='ocrx_word' id='word_1_216' title='bbox 529 2925 594 2992; x_wconf 89' lang='grc'><strong>406</strong></span> <span class='ocrx_word' id='word_1_217' title='bbox 613 2923 679 3012; x_wconf 91' lang='lat' dir='ltr'><strong>(cui</strong></span> <span class='ocrx_word' id='word_1_218' title='bbox 702 2946 880 3012; x_wconf 79' lang='lat' dir='ltr'><strong>congruum</strong></span> <span class='ocrx_word' id='word_1_219' title='bbox 899 2929 950 2991; x_wconf 95' lang='lat' dir='ltr'><strong>est</strong></span> <span class='ocrx_word' id='word_1_220' title='bbox 969 2924 1045 2990; x_wconf 84' lang='lat' dir='ltr'><strong>alibi</strong></span> <span class='ocrx_word' id='word_1_221' title='bbox 1064 2925 1098 2990; x_wconf 94' lang='lat' dir='ltr'><strong>in</strong></span> <span class='ocrx_word' id='word_1_222' title='bbox 1117 2922 1230 2988; x_wconf 90' lang='lat' dir='ltr'><strong>eodem</strong></span> <span class='ocrx_word' id='word_1_223' title='bbox 1250 2920 1348 3003; x_wconf 84' lang='lat' dir='ltr'><strong>scrip</strong></span> 
     </span>
     <span class='ocr_line' id='line_1_25' title="bbox 201 3027 1348 3118; baseline -0.003 -22"><span class='ocrx_word' id='word_1_224' title='bbox 201 3035 272 3096; x_wconf 90' lang='lat' dir='ltr'><strong>tum</strong></span> <span class='ocrx_word' id='word_1_225' title='bbox 302 3030 533 3118; x_wconf 78' lang='lat' dir='ltr'><strong>assumo**))‚</strong></span> <span class='ocrx_word' id='word_1_226' title='bbox 564 3033 743 3118; x_wconf 83' lang='lat' dir='ltr'><strong>simplicem</strong></span> <span class='ocrx_word' id='word_1_227' title='bbox 767 3055 838 3098; x_wconf 90' lang='lat' dir='ltr'><strong>eum</strong></span> <span class='ocrx_word' id='word_1_228' title='bbox 871 3032 1022 3099; x_wconf 89' lang='lat' dir='ltr'><strong>omnibus</strong></span> <span class='ocrx_word' id='word_1_229' title='bbox 1054 3032 1087 3096; x_wconf 93' lang='lat' dir='ltr'><strong>in</strong></span> <span class='ocrx_word' id='word_1_230' title='bbox 1115 3049 1217 3112; x_wconf 79' lang='lat' dir='ltr'><strong>cauea,</strong></span> <span class='ocrx_word' id='word_1_231' title='bbox 1240 3027 1348 3112; x_wconf 83' lang='lat' dir='ltr'><strong>paulo,</strong></span> 
     </span>
     <span class='ocr_line' id='line_1_26' title="bbox 202 3135 1349 3227; baseline -0.006 -21"><span class='ocrx_word' id='word_1_232' title='bbox 202 3145 235 3206; x_wconf 89' lang='lat' dir='ltr'><strong>et</strong></span> <span class='ocrx_word' id='word_1_233' title='bbox 259 3141 344 3227; x_wconf 91' lang='lat' dir='ltr'><strong>quod</strong></span> <span class='ocrx_word' id='word_1_234' title='bbox 367 3143 521 3207; x_wconf 87' lang='lat' dir='ltr'><strong>constans</strong></span> <span class='ocrx_word' id='word_1_235' title='bbox 544 3141 578 3204; x_wconf 94' lang='lat' dir='ltr'><strong>in</strong></span> <span class='ocrx_word' id='word_1_236' title='bbox 600 3140 662 3206; x_wconf 89' lang='lat' dir='ltr'><strong>hoo</strong></span> <span class='ocrx_word' id='word_1_237' title='bbox 683 3140 842 3206; x_wconf 89' lang='lat' dir='ltr'><strong>librorum</strong></span> <span class='ocrx_word' id='word_1_238' title='bbox 867 3139 944 3204; x_wconf 89' lang='lat' dir='ltr'><strong>fides</strong></span> <span class='ocrx_word' id='word_1_239' title='bbox 975 3139 1081 3206; x_wconf 89' lang='lat' dir='ltr'><strong>solnm</strong></span> <span class='ocrx_word' id='word_1_240' title='bbox 1109 3140 1232 3222; x_wconf 86' lang='lat' dir='ltr'><strong>tuetur,</strong></span> <span class='ocrx_word' id='word_1_241' title='bbox 1260 3135 1349 3200; x_wconf 81' lang='lat' dir='ltr'><strong>ilico</strong></span> 
     </span>
     <span class='ocr_line' id='line_1_27' title="bbox 202 3243 1348 3332; baseline -0.006 -18"><span class='ocrx_word' id='word_1_242' title='bbox 202 3269 261 3332; x_wconf 89' lang='lat' dir='ltr'><strong>pro</strong></span> <span class='ocrx_word' id='word_1_243' title='bbox 289 3249 470 3314; x_wconf 89' lang='lat' dir='ltr'><strong>reiectaneo</strong></span> <span class='ocrx_word' id='word_1_244' title='bbox 497 3247 589 3312; x_wconf 81' lang='lat' dir='ltr'><strong>illico.</strong></span> <span class='ocrx_word' id='word_1_245' title='bbox 635 3246 706 3323; x_wconf 86' lang='lat' dir='ltr'><strong>Quo</strong></span> <span class='ocrx_word' id='word_1_246' title='bbox 734 3246 878 3332; x_wconf 87' lang='lat' dir='ltr'><strong>pertinet</strong></span> <span class='ocrx_word' id='word_1_247' title='bbox 904 3247 938 3311; x_wconf 91' lang='lat' dir='ltr'><strong>in</strong></span> <span class='ocrx_word' id='word_1_248' title='bbox 962 3246 1033 3310; x_wconf 89' lang='lat' dir='ltr'><strong>aliis</strong></span> <span class='ocrx_word' id='word_1_249' title='bbox 1057 3244 1177 3310; x_wconf 80' lang='lat' dir='ltr'><strong>tabulis</strong></span> <span class='ocrx_word' id='word_1_250' title='bbox 1200 3243 1348 3328; x_wconf 84' lang='lat' dir='ltr'><strong>frequen·</strong></span> 
     </span>
     <span class='ocr_line' id='line_1_28' title="bbox 202 3351 1349 3438; baseline -0.003 -18"><span class='ocrx_word' id='word_1_251' title='bbox 202 3356 310 3420; x_wconf 88' lang='lat' dir='ltr'><strong>tatum</strong></span> <span class='ocrx_word' id='word_1_252' title='bbox 336 3356 459 3422; x_wconf 78' lang='lat' dir='ltr'><strong>uilicus.</strong></span> <span class='ocrx_word' id='word_1_253' title='bbox 509 3353 557 3420; x_wconf 94' lang='lat' dir='ltr'><strong>De</strong></span> <span class='ocrx_word' id='word_1_254' title='bbox 584 3355 693 3433; x_wconf 82' lang='lat' dir='ltr'><strong>immo,</strong></span> <span class='ocrx_word' id='word_1_255' title='bbox 720 3358 874 3438; x_wconf 65' lang='lat' dir='ltr'><strong>quattuor,</strong></span> <span class='ocrx_word' id='word_1_256' title='bbox 901 3353 1053 3436; x_wconf 68' lang='lat' dir='ltr'><strong>Iuppiter,</strong></span> <span class='ocrx_word' id='word_1_257' title='bbox 1080 3352 1164 3418; x_wconf 75' lang='lat' dir='ltr'><strong>mdlc</strong></span> <span class='ocrx_word' id='word_1_258' title='bbox 1191 3355 1224 3416; x_wconf 91' lang='lat' dir='ltr'><strong>et</strong></span> <span class='ocrx_word' id='word_1_259' title='bbox 1250 3351 1349 3434; x_wconf 80' lang='lat' dir='ltr'><strong>milio,</strong></span> 
     </span>
     <span class='ocr_line' id='line_1_29' title="bbox 166 3453 1350 3548; baseline -0.006 -19"><span class='ocrx_word' id='word_1_260' title='bbox 166 3479 170 3486; x_wconf 85' lang='lat'>&#39;</span> <span class='ocrx_word' id='word_1_261' title='bbox 202 3483 306 3530; x_wconf 75' lang='lat' dir='ltr'><strong>annus</strong></span> <span class='ocrx_word' id='word_1_262' title='bbox 329 3466 362 3528; x_wconf 89' lang='lat' dir='ltr'><strong>et</strong></span> <span class='ocrx_word' id='word_1_263' title='bbox 384 3463 498 3528; x_wconf 74' lang='lat' dir='ltr'><strong>anolus</strong></span> <span class='ocrx_word' id='word_1_264' title='bbox 521 3459 563 3548; x_wconf 87' lang='lat' dir='ltr'><strong>(v.</strong></span> <span class='ocrx_word' id='word_1_265' title='bbox 584 3461 662 3548; x_wconf 76' lang='lat'>789)</span> <span class='ocrx_word' id='word_1_266' title='bbox 685 3461 720 3526; x_wconf 93' lang='lat' dir='ltr'><strong>in</strong></span> <span class='ocrx_word' id='word_1_267' title='bbox 743 3460 859 3546; x_wconf 82' lang='lat' dir='ltr'><strong>vulgus</strong></span> <span class='ocrx_word' id='word_1_268' title='bbox 883 3463 1021 3525; x_wconf 89' lang='lat' dir='ltr'><strong>constat.</strong></span> <span class='ocrx_word' id='word_1_269' title='bbox 1058 3453 1281 3526; x_wconf 67' lang='lat' dir='ltr'><strong>Vbiosissima</strong></span> <span class='ocrx_word' id='word_1_270' title='bbox 1300 3462 1350 3523; x_wconf 88' lang='lat' dir='ltr'><strong>est</strong></span> 
     </span>
     <span class='ocr_line' id='line_1_30' title="bbox 203 3564 1349 3655; baseline -0.007 -19"><span class='ocrx_word' id='word_1_271' title='bbox 203 3569 301 3636; x_wconf 75' lang='lat' dir='ltr'><strong>hicce</strong></span> <span class='ocrx_word' id='word_1_272' title='bbox 326 3568 462 3636; x_wconf 76' lang='lat' dir='ltr'><strong>huncce</strong></span> <span class='ocrx_word' id='word_1_273' title='bbox 488 3570 660 3655; x_wconf 85' lang='lat' dir='ltr'><strong>scriptura,</strong></span> <span class='ocrx_word' id='word_1_274' title='bbox 688 3567 727 3632; x_wconf 89' lang='lat' dir='ltr'><strong>de</strong></span> <span class='ocrx_word' id='word_1_275' title='bbox 751 3590 816 3652; x_wconf 89' lang='lat' dir='ltr'><strong>qua</strong></span> <span class='ocrx_word' id='word_1_276' title='bbox 839 3589 904 3632; x_wconf 91' lang='lat' dir='ltr'><strong>non</strong></span> <span class='ocrx_word' id='word_1_277' title='bbox 927 3565 1061 3652; x_wconf 81' lang='lat' dir='ltr'><strong>indigna</strong></span> <span class='ocrx_word' id='word_1_278' title='bbox 1084 3565 1246 3652; x_wconf 84' lang='lat' dir='ltr'><strong>explicatu</strong></span> <span class='ocrx_word' id='word_1_279' title='bbox 1270 3564 1349 3632; x_wconf 91' lang='lat' dir='ltr'><strong>alibi</strong></span> 
     </span>
     <span class='ocr_line' id='line_1_31' title="bbox 203 3672 1349 3764; baseline -0.004 -21"><span class='ocrx_word' id='word_1_280' title='bbox 203 3699 365 3764; x_wconf 89' lang='lat' dir='ltr'><strong>promam:</strong></span> <span class='ocrx_word' id='word_1_281' title='bbox 394 3678 533 3763; x_wconf 89' lang='lat' dir='ltr'><strong>amplius</strong></span> <span class='ocrx_word' id='word_1_282' title='bbox 561 3677 647 3742; x_wconf 92' lang='lat' dir='ltr'><strong>enim</strong></span> <span class='ocrx_word' id='word_1_283' title='bbox 676 3697 728 3740; x_wconf 87' lang='lat' dir='ltr'><strong>res</strong></span> <span class='ocrx_word' id='word_1_284' title='bbox 756 3676 899 3760; x_wconf 90' lang='lat' dir='ltr'><strong>spatium</strong></span> <span class='ocrx_word' id='word_1_285' title='bbox 926 3673 1040 3759; x_wconf 88' lang='lat' dir='ltr'><strong>poscit.</strong></span> <span class='ocrx_word' id='word_1_286' title='bbox 1064 3710 1106 3720; x_wconf 90' lang='lat'>-</span> <span class='ocrx_word' id='word_1_287' title='bbox 1128 3672 1349 3759; x_wconf 77' lang='lat' dir='ltr'><strong>Elegantioris</strong></span> 
     </span>
     <span class='ocr_line' id='line_1_32' title="bbox 204 3780 1348 3864; baseline -0.004 -14"><span class='ocrx_word' id='word_1_288' title='bbox 204 3787 322 3852; x_wconf 86' lang='lat' dir='ltr'><strong>aetatis</strong></span> <span class='ocrx_word' id='word_1_289' title='bbox 336 3783 568 3851; x_wconf 87' lang='lat' dir='ltr'><strong>consuetudine</strong></span> <span class='ocrx_word' id='word_1_290' title='bbox 583 3784 719 3850; x_wconf 86' lang='lat' dir='ltr'><strong>extritae</strong></span> <span class='ocrx_word' id='word_1_291' title='bbox 733 3783 861 3848; x_wconf 83' lang='lat' dir='ltr'><strong>litteras</strong></span> <span class='ocrx_word' id='word_1_292' title='bbox 876 3781 1002 3847; x_wconf 83' lang='lat' dir='ltr'><strong>servavi</strong></span> <span class='ocrx_word' id='word_1_293' title='bbox 1016 3780 1051 3845; x_wconf 93' lang='lat' dir='ltr'><strong>in</strong></span> <span class='ocrx_word' id='word_1_294' title='bbox 1073 3781 1221 3864; x_wconf 76' lang='lat' dir='ltr'><strong>quincto</strong></span> <span class='ocrx_word' id='word_1_295' title='bbox 1240 3803 1268 3846; x_wconf 88' lang='lat' dir='ltr'><strong>v.</strong></span> <span class='ocrx_word' id='word_1_296' title='bbox 1282 3781 1348 3846; x_wconf 82' lang='lat'><strong>524</strong></span> 
     </span>
     <span class='ocr_line' id='line_1_33' title="bbox 204 3888 1351 3978; baseline -0.006 -21"><span class='ocrx_word' id='word_1_297' title='bbox 204 3913 277 3957; x_wconf 90' lang='lat' dir='ltr'><strong>cum</strong></span> <span class='ocrx_word' id='word_1_298' title='bbox 299 3891 423 3978; x_wconf 76' lang='lat' dir='ltr'><strong>A***);</strong></span> <span class='ocrx_word' id='word_1_299' title='bbox 451 3914 524 3958; x_wconf 89' lang='lat' dir='ltr'><strong>oum</strong></span> <span class='ocrx_word' id='word_1_300' title='bbox 548 3891 661 3957; x_wconf 90' lang='lat' dir='ltr'><strong>eodem</strong></span> <span class='ocrx_word' id='word_1_301' title='bbox 684 3891 720 3955; x_wconf 92' lang='lat' dir='ltr'><strong>in</strong></span> <span class='ocrx_word' id='word_1_302' title='bbox 742 3890 881 3976; x_wconf 87' lang='lat' dir='ltr'><strong>disparis</strong></span> <span class='ocrx_word' id='word_1_303' title='bbox 905 3889 1043 3955; x_wconf 80' lang='lat' dir='ltr'><strong>rationis</strong></span> <span class='ocrx_word' id='word_1_304' title='bbox 1066 3888 1172 3954; x_wconf 83' lang='lat' dir='ltr'><strong>forma</strong></span> <span class='ocrx_word' id='word_1_305' title='bbox 1193 3892 1351 3953; x_wconf 80' lang='lat' dir='ltr'><strong>nanctus</strong></span> 
     </span>
     <span class='ocr_line' id='line_1_34' title="bbox 204 3992 1352 4083; baseline -0.005 -20"><span class='ocrx_word' id='word_1_306' title='bbox 204 4020 233 4063; x_wconf 88' lang='lat' dir='ltr'><strong>v.</strong></span> <span class='ocrx_word' id='word_1_307' title='bbox 256 3999 309 4083; x_wconf 85' lang='lat'><strong>63,</strong></span> <span class='ocrx_word' id='word_1_308' title='bbox 332 3998 384 4064; x_wconf 89' lang='lat' dir='ltr'><strong>cni</strong></span> <span class='ocrx_word' id='word_1_309' title='bbox 407 3997 600 4064; x_wconf 87' lang='lat' dir='ltr'><strong>conferenda</strong></span> <span class='ocrx_word' id='word_1_310' title='bbox 622 3996 742 4063; x_wconf 84' lang='lat' dir='ltr'><strong>ibidem</strong></span> <span class='ocrx_word' id='word_1_311' title='bbox 766 3996 931 4082; x_wconf 90' lang='lat' dir='ltr'><strong>proditum</strong></span> <span class='ocrx_word' id='word_1_312' title='bbox 954 3999 1147 4078; x_wconf 70' lang='lat' dir='ltr'><strong>corrumpier</strong></span> <span class='ocrx_word' id='word_1_313' title='bbox 1168 4017 1197 4060; x_wconf 83' lang='lat' dir='ltr'><strong>v.</strong></span> <span class='ocrx_word' id='word_1_314' title='bbox 1221 3993 1295 4076; x_wconf 83' lang='lat'><strong>240,</strong></span> <span class='ocrx_word' id='word_1_315' title='bbox 1317 3992 1352 4057; x_wconf 91' lang='lat' dir='ltr'><strong>in</strong></span> 
     </span>
    </p>
   </div>
   <div class='ocr_carea' id='block_1_3' title="bbox 205 4189 1351 4686">
    <p class='ocr_par' dir='ltr' id='par_1_3' title="bbox 205 4189 1351 4686">
     <span class='ocr_line' id='line_1_35' title="bbox 296 4189 986 4262; baseline -0.004 -16"><span class='ocrx_word' id='word_1_316' title='bbox 296 4194 323 4261; x_wconf 79' lang='grc'><strong>*)</strong></span> <span class='ocrx_word' id='word_1_317' title='bbox 342 4191 394 4262; x_wconf 83' lang='lat' dir='ltr'><strong>[cf.</strong></span> <span class='ocrx_word' id='word_1_318' title='bbox 415 4191 516 4262; x_wconf 84' lang='lat' dir='ltr'><strong>Opusc.</strong></span> <span class='ocrx_word' id='word_1_319' title='bbox 535 4190 605 4261; x_wconf 87' lang='lat' dir='ltr'><strong>phil.</strong></span> <span class='ocrx_word' id='word_1_320' title='bbox 623 4189 663 4246; x_wconf 85' lang='lat' dir='ltr'><strong>IV</strong></span> <span class='ocrx_word' id='word_1_321' title='bbox 681 4209 708 4260; x_wconf 90' lang='lat' dir='ltr'><strong>p.</strong></span> <span class='ocrx_word' id='word_1_322' title='bbox 729 4197 778 4246; x_wconf 83' lang='grc'><strong>123</strong></span> <span class='ocrx_word' id='word_1_323' title='bbox 789 4209 850 4260; x_wconf 90' lang='lat' dir='ltr'><strong>sqq.</strong></span> <span class='ocrx_word' id='word_1_324' title='bbox 871 4191 986 4259; x_wconf 73' lang='lat' dir='ltr'><strong>161qu</strong></span> 
     </span>
     <span class='ocr_line' id='line_1_36' title="bbox 279 4278 1056 4353; baseline -0.006 -16"><span class='ocrx_word' id='word_1_325' title='bbox 279 4284 323 4353; x_wconf 73' lang='grc'><strong>**)</strong></span> <span class='ocrx_word' id='word_1_326' title='bbox 342 4282 395 4352; x_wconf 81' lang='lat' dir='ltr'><strong>[ef.</strong></span> <span class='ocrx_word' id='word_1_327' title='bbox 415 4281 514 4352; x_wconf 79' lang='lat' dir='ltr'><strong>Opurc</strong></span> <span class='ocrx_word' id='word_1_328' title='bbox 532 4279 602 4350; x_wconf 87' lang='lat' dir='ltr'><strong>phil.</strong></span> <span class='ocrx_word' id='word_1_329' title='bbox 622 4279 647 4333; x_wconf 94' lang='lat' dir='ltr'><strong>ll</strong></span> <span class='ocrx_word' id='word_1_330' title='bbox 665 4297 693 4349; x_wconf 93' lang='lat' dir='ltr'><strong>p.</strong></span> <span class='ocrx_word' id='word_1_331' title='bbox 713 4285 764 4334; x_wconf 79' lang='lat'><strong>545</strong></span> <span class='ocrx_word' id='word_1_332' title='bbox 785 4280 879 4334; x_wconf 87' lang='lat' dir='ltr'><strong>annot.</strong></span> <span class='ocrx_word' id='word_1_333' title='bbox 898 4278 937 4332; x_wconf 85' lang='grc' dir='ltr'><strong>ΙΙΙ</strong></span> <span class='ocrx_word' id='word_1_334' title='bbox 955 4296 982 4348; x_wconf 90' lang='lat' dir='ltr'><strong>p.</strong></span> <span class='ocrx_word' id='word_1_335' title='bbox 1003 4279 1056 4346; x_wconf 72' lang='grc'><strong>66]</strong></span> 
     </span>
     <span class='ocr_line' id='line_1_37' title="bbox 260 4363 1350 4443; baseline -0.005 -17"><span class='ocrx_word' id='word_1_336' title='bbox 260 4373 322 4440; x_wconf 60' lang='lat' dir='ltr'><strong>aaa)</strong></span> <span class='ocrx_word' id='word_1_337' title='bbox 346 4370 498 4443; x_wconf 80' lang='lat' dir='ltr'><strong>[‘qnamvis</strong></span> <span class='ocrx_word' id='word_1_338' title='bbox 527 4385 589 4424; x_wconf 86' lang='lat' dir='ltr'><strong>rara</strong></span> <span class='ocrx_word' id='word_1_339' title='bbox 614 4369 644 4424; x_wconf 89' lang='lat' dir='ltr'><strong>et</strong></span> <span class='ocrx_word' id='word_1_340' title='bbox 667 4367 785 4424; x_wconf 84' lang='lat' dir='ltr'><strong>fortasse</strong></span> <span class='ocrx_word' id='word_1_341' title='bbox 811 4366 960 4437; x_wconf 80' lang='lat' dir='ltr'><strong>singularis</strong></span> <span class='ocrx_word' id='word_1_342' title='bbox 989 4366 1018 4420; x_wconf 91' lang='lat' dir='ltr'><strong>in</strong></span> <span class='ocrx_word' id='word_1_343' title='bbox 1045 4365 1107 4434; x_wconf 89' lang='lat' dir='ltr'><strong>ipso</strong></span> <span class='ocrx_word' id='word_1_344' title='bbox 1125 4379 1240 4420; x_wconf 86' lang='lat' dir='ltr'><strong>numero</strong></span> <span class='ocrx_word' id='word_1_345' title='bbox 1259 4381 1293 4420; x_wconf 88' lang='lat' dir='ltr'><strong>ea</strong></span> <span class='ocrx_word' id='word_1_346' title='bbox 1312 4363 1350 4421; x_wconf 89' lang='lat' dir='ltr'><strong>sit</strong></span> 
     </span>
     <span class='ocr_line' id='line_1_38' title="bbox 205 4452 1351 4531; baseline -0.001 -19"><span class='ocrx_word' id='word_1_347' title='bbox 205 4459 351 4530; x_wconf 79' lang='lat' dir='ltr'><strong>scriptura,</strong></span> <span class='ocrx_word' id='word_1_348' title='bbox 366 4459 402 4516; x_wconf 88' lang='lat' dir='ltr'><strong>de</strong></span> <span class='ocrx_word' id='word_1_349' title='bbox 415 4478 472 4531; x_wconf 90' lang='lat' dir='ltr'><strong>qua</strong></span> <span class='ocrx_word' id='word_1_350' title='bbox 487 4459 521 4516; x_wconf 82' lang='lat' dir='ltr'><strong>os.</strong></span> <span class='ocrx_word' id='word_1_351' title='bbox 532 4474 604 4528; x_wconf 86' lang='lat' dir='ltr'><strong>qnae</strong></span> <span class='ocrx_word' id='word_1_352' title='bbox 619 4457 677 4514; x_wconf 88' lang='lat' dir='ltr'><strong>dixi</strong></span> <span class='ocrx_word' id='word_1_353' title='bbox 691 4457 743 4514; x_wconf 75' lang='lat' dir='ltr'><strong>«de</strong></span> <span class='ocrx_word' id='word_1_354' title='bbox 757 4457 868 4513; x_wconf 86' lang='lat' dir='ltr'><strong>tesseris</strong></span> <span class='ocrx_word' id='word_1_355' title='bbox 878 4453 1070 4526; x_wconf 76' lang='lat' dir='ltr'><strong>gladiatoriis»</strong></span> <span class='ocrx_word' id='word_1_356' title='bbox 1085 4472 1112 4525; x_wconf 89' lang='lat' dir='ltr'><strong>p.</strong></span> <span class='ocrx_word' id='word_1_357' title='bbox 1122 4454 1186 4509; x_wconf 71' lang='lat' dir='ltr'><strong>ect&#39;</strong></span> <span class='ocrx_word' id='word_1_358' title='bbox 1198 4457 1243 4524; x_wconf 89' lang='lat'><strong>(-</strong></span> <span class='ocrx_word' id='word_1_359' title='bbox 1249 4452 1351 4525; x_wconf 90' lang='lat' dir='ltr'><strong>Opusc.</strong></span> 
     </span>
     <span class='ocr_line' id='line_1_39' title="bbox 206 4545 596 4620; baseline 0 -18"><span class='ocrx_word' id='word_1_360' title='bbox 206 4545 274 4617; x_wconf 87' lang='lat' dir='ltr'><strong>phil.</strong></span> <span class='ocrx_word' id='word_1_361' title='bbox 294 4547 333 4602; x_wconf 78' lang='lat' dir='ltr'><strong>{v</strong></span> <span class='ocrx_word' id='word_1_362' title='bbox 351 4566 379 4618; x_wconf 93' lang='lat' dir='ltr'><strong>p.</strong></span> <span class='ocrx_word' id='word_1_363' title='bbox 399 4551 470 4620; x_wconf 77' lang='lat'>607).</span> <span class='ocrx_word' id='word_1_364' title='bbox 491 4545 596 4616; x_wconf 78' lang='lat' dir='ltr'><strong>Trin&#39;]</strong></span> 
     </span>
     <span class='ocr_line' id='line_1_40' title="bbox 1084 4631 1140 4686; baseline 0 0"><span class='ocrx_word' id='word_1_365' title='bbox 1084 4631 1140 4686; x_wconf 71' lang='lat'><strong>23*</strong></span> 
     </span>
    </p>
   </div>
   <div class='ocr_carea' id='block_1_4' title="bbox 0 0 1682 5072">
    <p class='ocr_par' dir='ltr' id='par_1_4' title="bbox 0 0 1682 5072">
     <span class='ocr_line' id='line_1_41' title="bbox 0 0 1682 5072; baseline 0 0"><span class='ocrx_word' id='word_1_366' title='bbox 0 0 1682 5072; x_wconf 95' lang='lat' dir='ltr'><strong> </strong></span> 
     </span>
    </p>
   </div>
  </div>
 </body>
</html>
