3302 5076
316 382 381 447 658
694 399 925 450 nannnuscnn
949 401 1079 450 runnu.

314 543 353 606 ut
375 562 458 627 quae
481 540 559 608 olim
588 542 695 626 palam
719 545 752 608 et
773 546 884 627 aperte
913 548 1087 630 agerentur
1112 565 1222 610 coram
1249 544 1370 630 populo
1393 544 1464 608 uni·

315 669 424 733 verso,
460 648 573 714 eedem
608 649 705 714 hodie
734 650 816 715 elam
848 650 930 716 fiant
959 651 1011 718 vel
1042 647 1171 717 caussas
1201 653 1288 716 certe
1320 650 1465 716 habeant

314 758 384 820 tom
407 777 466 841 per
490 777 525 820 se
548 756 703 822 obscuras
726 760 796 822 tum
825 757 973 824 consulto
1001 757 1206 841 obscuratas,
1234 779 1272 822 ex
1301 779 1365 842 quo
1393 757 1463 841 qui·

315 863 388 928 dem
411 863 588 928 salutarius
611 863 718 929 visum
741 867 791 929 cst
814 864 923 932 divino
947 864 1088 947 numini,
1110 863 1180 950 regi
1201 864 1342 949 populos
1364 877 1463 949 quam

315 974 419 1035 semet
448 971 536 1055 ipsos
566 990 678 1055 regere
709 971 811 1055 deque
841 971 946 1037 salute
977 993 1037 1036 sue
1066 971 1354 1056 communibusque
1385 971 1462 1037 civi·

314 1077 393 1143 tatia
417 1077 596 1142 commodis
624 1081 658 1143 et
684 1077 834 1144 universo
862 1079 931 1143 inre
959 1077 1092 1163 publico
1121 1080 1154 1142 ct
1176 1078 1345 1143 consulere
1372 1078 1463 1162 ipsos

315 1188 349 1250 et
378 1183 554 1250 decernere.
600 1184 660 1250 Ille
693 1189 803 1251 eutem
836 1185 928 1250 dolor
960 1207 1032 1251 cum
1065 1184 1280 1250 nobilissimis
1310 1184 1463 1269 Europae

315 1292 480 1376 gentibus,
516 1291 685 1356 Britannis
717 1289 1019 1376 Francogallisquc,
1055 1294 1092 1356 ut
1122 1291 1156 1356 in
1187 1289 1240 1356 his
1275 1292 1463 1375 subsistam,

315 1417 435 1482 magna
465 1420 503 1463 ex
532 1401 627 1483 parte
656 1398 780 1484 pridem
811 1398 989 1464 exstinctus
1019 1397 1076 1481 ait,
1108 1398 1174 1462 iam
1206 1399 1301 1464 nobis
1335 1421 1462 1484 quoque

314 1504 409 1574 leniri
445 1508 578 1590 coeptus
614 1508 665 1570 est
697 1505 863 1589 praeclaro
901 1521 1025 1571 oenum
1057 1521 1159 1570 ancre
1194 1501 1364 1589 beneficio,
1399 1525 1463 1590 qno

314 1613 473 1695 quantum
503 1614 536 1676 et
561 1611 601 1676 de
628 1610 825 1696 reipublicae
855 1611 960 1676 salute
990 1611 1073 1676 bene
1104 1611 1258 1676 meruerit
1286 1614 1320 1676 et
1347 1615 1460 1698 gratos

314 1717 433 1784 civium
461 1717 586 1784 animos
615 1716 679 1781 sibi
707 1717 901 1802 devinxerit,
928 1717 1092 1784 luculento
1120 1721 1192 1782 tota
1220 1717 1379 1810 Beruseia
1405 1718 1460 1783 do·

314 1827 465 1890 cemento
489 1827 547 1907 est,
570 1824 780 1890 consiliorum
804 1824 1051 1910 provincialium
1075 1823 1362 1891 deliberationibus
1387 1846 1462 1890 cum

314 1932 473 1998 universis
504 1930 628 1998 civibus
658 1931 838 1998 liberaliter
867 1932 1113 1998 communicatis
1147 1953 1212 1996 uno
1245 1953 1300 1998 ore
1332 1932 1460 1996 laetans

314 2041 412 2124 atquc
435 2039 609 2104 exsultans.
654 2036 737 2105 Cum
765 2038 883 2123 quibus
906 2043 944 2104 ut
967 2036 1156 2104 minusculis
1186 2057 1305 2123 magna
1328 2058 1459 2121 compo·

313 2167 398 2230 nem,
422 2146 449 2210 si
473 2143 673 2212 celeberrimi
696 2146 782 2212 illius
806 2145 989 2231 principum
1011 2149 1197 2228 conventus,
1220 2144 1275 2228 qui
1293 2143 1461 2210 Vindobo-

313 2273 374 2316 uae
401 2251 477 2338 fuit,
504 2253 758 2320 consultationes
788 2253 1041 2336 comparaveris,
1068 2250 1215 2337 quamvis
1244 2250 1347 2316 multa
1376 2270 1462 2314 nunc

313 2361 390 2441 post
412 2359 552 2444 triginta
574 2381 733 2425 annorum
756 2359 963 2424 intervallum
986 2357 1206 2444 perrepsarint
1233 2357 1340 2444 magis
1363 2379 1461 2441 quam

313 2463 496 2528 emanarint
523 2464 559 2528 in
588 2465 717 2550 vulgus,
745 2465 907 2530 tamensi
931 2464 1131 2550 desingulis
1160 2463 1294 2548 legatia,
1321 2485 1460 2549 quorum

313 2574 347 2633 et
378 2570 518 2654 ingeniis
551 2575 585 2636 et
618 2571 743 2636 artibus
776 2593 902 2637 summa
930 2593 1038 2636 rerum
1069 2570 1328 2656 transigebatur,
1360 2571 1388 2636 si
1421 2570 1461 2634 de

313 2676 385 2760 ipso
409 2675 663 2762 Bursaonum,
692 2677 782 2743 cuius
806 2677 1021 2763 gravissimas
1045 2677 1079 2742 in
1102 2677 1161 2743 illo
1184 2699 1292 2742 rerum
1316 2678 1460 2742 omnium

314 2781 501 2849 discrimine
524 2787 635 2868 partes
657 2782 759 2849 fuisse
782 2787 815 2848 et
834 2783 1035 2867 singularem
1054 2782 1283 2849 auctoritatem
1302 2783 1462 2868 novimus,

313 2889 390 2974 quid
413 2889 544 2955 tandem
567 2890 685 2975 quibus
709 2890 771 2955 viis
796 2911 833 2956 ac
856 2891 959 2975 copiis
983 2891 1217 2974 praestiterint,
1241 2890 1384 2975 quaeris:
1406 2891 1460 2956 vix

312 2996 424 3062 tenuia
446 2995 586 3080 vestigia
609 2995 766 3081 quaedam
789 3001 920 3080 praesto
945 2999 1036 3080 sunt,
1060 3018 1076 3061 e
1100 2995 1217 3081 quibus
1240 2997 1363 3061 incerta
1386 3016 1461 3062 con-

313 3103 437 3169 iectura
459 3103 518 3166 fiat
541 3106 574 3166 et
597 3103 717 3168 notitia
734 3101 844 3187 potius
864 3102 1022 3187 quaedam
1041 3106 1193 3168 nascatur
1209 3124 1307 3187 quam
1326 3102 1461 3168 scientia

253 3229 299 3270 v11
313 3209 493 3274 hauriatur.
537 3206 607 3274 Nec
635 3210 775 3275 certiora
800 3208 968 3274 fatendum
997 3213 1049 3274 est
1076 3209 1116 3274 de
1143 3209 1185 3274 iis
1213 3208 1462 3292 percrebruisse,

258 3325 262 3334 '
313 3338 395 3400 qnae
426 3314 561 3380 Parisiis
595 3315 664 3400 ille,
696 3337 778 3400 quae
806 3312 1012 3400 castillione,
1045 3337 1127 3400 quae
1155 3315 1293 3400 Romae,
1325 3315 1461 3400 Pragae,

312 3421 528 3506 Francciurti,
541 3420 681 3488 Londini
694 3423 771 3508 egit.
804 3422 944 3488 Tantum
958 3422 1023 3488 huc
1037 3443 1173 3507 quoque,
1187 3426 1224 3488 ut
1238 3423 1384 3507 exempla
1398 3421 1460 3486 vir·

312 3529 394 3594 tutis
417 3529 577 3613 prodeant
600 3529 725 3595 civibus
747 3529 906 3594 universis
925 3527 1115 3595 admiranda
1134 3532 1168 3592 et
1186 3527 1354 3612 imitanda,
1377 3527 1459 3593 illud

312 3635 409 3718 valet,
427 3635 511 3719 quod
531 3634 626 3700 hodie
645 3636 686 3700 ab
709 3635 1011 3721 intellegentissimo
1029 3656 1156 3719 quoque
1170 3633 1377 3700 vehementer
1393 3655 1459 3699 non

313 3742 418 3806 solum
441 3741 590 3826 exoptari
614 3742 854 3826 desiderarique
872 3763 984 3807 verum
1003 3741 1103 3806 etiam
1123 3741 1248 3824 sperari
1267 3739 1461 3824 exspectari-

313 3871 374 3933 que
397 3850 552 3934 ridemus,
575 3853 613 3915 ut
633 3871 674 3914 ne
697 3848 861 3934 publicam
884 3848 988 3912 lucem
1008 3846 1137 3932 fugiant
1154 3869 1237 3932 quae
1255 3845 1459 3931 publicarum

313 3977 421 4022 rerum
443 3979 562 4022 nomen
585 3961 618 4022 et
640 3977 735 4022 omen
757 3955 894 4037 babent,
916 3975 997 4018 neve
1020 3953 1059 4037 ei,
1083 3953 1139 4038 qui
1161 3975 1268 4019 rerum
1292 3957 1459 4037 gestarum

313 4085 443 4130 caussas
466 4064 649 4148 perspicere
672 4062 764 4146 velit,
793 4059 976 4145 principum
1005 4061 1130 4125 secreta
1151 4059 1261 4144 potius
1284 4059 1459 4126 divinando

311 4171 554 4255 interpretanda
584 4171 665 4254 sint,
694 4189 790 4254 quam
821 4170 934 4251 aperta
966 4167 1162 4253 populorum
1194 4167 1383 4232 testimonia
1412 4166 1460 4230 in·

311 4276 441 4342 tuenda.
490 4275 767 4344 Humboldtianae
804 4277 914 4338 autem
946 4273 1081 4357 indolis,
1118 4273 1222 4358 qualis
1254 4273 1288 4338 in
1322 4273 1458 4340 admini-

312 4383 447 4449 stranda
472 4385 639 4467 republica
666 4381 815 4464 eminuit,
842 4383 970 4446 tentum
999 4381 1092 4446 abest
1119 4382 1155 4444 ut
1183 4378 1293 4465 imago
1323 4379 1457 4446 iamiam

312 4489 470 4570 quaedam
493 4491 602 4555 animo
626 4488 795 4555 informari
819 4488 932 4575 possit,
956 4491 1052 4552 utne
1071 4487 1201 4570 apertus
1219 4485 1350 4570 quidem
1368 4487 1459 4552 vitae
