<?xml version="1.0" encoding="UTF-8"?>
<!DOCTYPE html PUBLIC "-//W3C//DTD XHTML 1.0 Transitional//EN"
    "http://www.w3.org/TR/xhtml1/DTD/xhtml1-transitional.dtd">
<html xmlns="http://www.w3.org/1999/xhtml" xml:lang="en" lang="en">
 <head>
  <title>
</title>
<meta http-equiv="Content-Type" content="text/html;charset=utf-8" />
  <meta name='ocr-system' content='tesseract 3.04.00' />
  <meta name='ocr-capabilities' content='ocr_page ocr_carea ocr_par ocr_line ocrx_word'/>
</head>
<body>
  <div class='ocr_page' id='page_1' title='image "./fridericiritsch07wachgoog_0517.png"; bbox 0 0 3318 5072; ppageno 0'>
   <div class='ocr_carea' id='block_1_1' title="bbox 326 415 1179 481">
    <p class='ocr_par' dir='ltr' id='par_1_1' title="bbox 326 415 1179 481">
     <span class='ocr_line' id='line_1_1' title="bbox 326 415 1179 481; baseline -0.001 0"><span class='ocrx_word' id='word_1_1' title='bbox 326 415 392 481; x_wconf 78' lang='lat'><strong>500</strong></span> <span class='ocrx_word' id='word_1_2' title='bbox 615 430 877 480; x_wconf 73' lang='lat' dir='ltr'><strong>ruouaaonana</strong></span> <span class='ocrx_word' id='word_1_3' title='bbox 901 431 948 478; x_wconf 85' lang='lat' dir='ltr'><strong>aa</strong></span> <span class='ocrx_word' id='word_1_4' title='bbox 972 429 1179 480; x_wconf 71' lang='lat' dir='ltr'><strong>andronicus</strong></span> 
     </span>
    </p>
   </div>
   <div class='ocr_carea' id='block_1_2' title="bbox 325 575 1471 1088">
    <p class='ocr_par' dir='ltr' id='par_1_2' title="bbox 325 575 1471 1088">
     <span class='ocr_line' id='line_1_2' title="bbox 327 575 1471 662; baseline 0 -20"><span class='ocrx_word' id='word_1_5' title='bbox 327 575 468 652; x_wconf 86' lang='lat' dir='ltr'><strong>Quorum</strong></span> <span class='ocrx_word' id='word_1_6' title='bbox 493 598 642 640; x_wconf 78' lang='lat' dir='ltr'><strong>versuum</strong></span> <span class='ocrx_word' id='word_1_7' title='bbox 668 581 782 662; x_wconf 92' lang='lat' dir='ltr'><strong>quarto</strong></span> <span class='ocrx_word' id='word_1_8' title='bbox 807 575 903 640; x_wconf 84' lang='lat' dir='ltr'><strong>facile</strong></span> <span class='ocrx_word' id='word_1_9' title='bbox 926 597 1011 641; x_wconf 89' lang='lat' dir='ltr'><strong>nunc</strong></span> <span class='ocrx_word' id='word_1_10' title='bbox 1034 575 1227 660; x_wconf 72' lang='lat' dir='ltr'><strong>perspicitur</strong></span> <span class='ocrx_word' id='word_1_11' title='bbox 1246 597 1342 660; x_wconf 90' lang='lat' dir='ltr'><strong>quam</strong></span> <span class='ocrx_word' id='word_1_12' title='bbox 1363 599 1471 661; x_wconf 90' lang='lat' dir='ltr'><strong>super·</strong></span> 
     </span>
     <span class='ocr_line' id='line_1_3' title="bbox 326 681 1470 767; baseline 0.002 -21"><span class='ocrx_word' id='word_1_13' title='bbox 326 704 500 748; x_wconf 85' lang='lat' dir='ltr'><strong>vacaneam</strong></span> <span class='ocrx_word' id='word_1_14' title='bbox 524 682 811 767; x_wconf 77' lang='lat' dir='ltr'><strong>transpositionem</strong></span> <span class='ocrx_word' id='word_1_15' title='bbox 835 681 998 748; x_wconf 89' lang='lat' dir='ltr'><strong>Lomanus</strong></span> <span class='ocrx_word' id='word_1_16' title='bbox 1023 683 1216 748; x_wconf 88' lang='lat' dir='ltr'><strong>adhibuerit.</strong></span> <span class='ocrx_word' id='word_1_17' title='bbox 1262 681 1337 748; x_wconf 90' lang='lat' dir='ltr'><strong>Non</strong></span> <span class='ocrx_word' id='word_1_18' title='bbox 1361 689 1470 748; x_wconf 89' lang='lat' dir='ltr'><strong>autam</strong></span> 
     </span>
     <span class='ocr_line' id='line_1_4' title="bbox 325 789 1470 874; baseline -0.002 -18"><span class='ocrx_word' id='word_1_19' title='bbox 325 791 440 856; x_wconf 88' lang='lat' dir='ltr'><strong>horum</strong></span> <span class='ocrx_word' id='word_1_20' title='bbox 464 792 498 855; x_wconf 92' lang='lat' dir='ltr'><strong>in</strong></span> <span class='ocrx_word' id='word_1_21' title='bbox 521 813 690 855; x_wconf 90' lang='lat' dir='ltr'><strong>numerum</strong></span> <span class='ocrx_word' id='word_1_22' title='bbox 715 811 754 854; x_wconf 87' lang='lat' dir='ltr'><strong>ea</strong></span> <span class='ocrx_word' id='word_1_23' title='bbox 772 790 921 874; x_wconf 86' lang='lat' dir='ltr'><strong>exempla</strong></span> <span class='ocrx_word' id='word_1_24' title='bbox 939 789 1082 872; x_wconf 79' lang='lat' dir='ltr'><strong>veniunt,</strong></span> <span class='ocrx_word' id='word_1_25' title='bbox 1106 812 1177 855; x_wconf 92' lang='lat' dir='ltr'><strong>cnm</strong></span> <span class='ocrx_word' id='word_1_26' title='bbox 1197 791 1231 855; x_wconf 90' lang='lat' dir='ltr'><strong>in</strong></span> <span class='ocrx_word' id='word_1_27' title='bbox 1250 795 1366 874; x_wconf 88' lang='lat' dir='ltr'><strong>quarta</strong></span> <span class='ocrx_word' id='word_1_28' title='bbox 1384 789 1470 855; x_wconf 90' lang='lat' dir='ltr'><strong>thesi</strong></span> 
     </span>
     <span class='ocr_line' id='line_1_5' title="bbox 326 881 1471 982; baseline -0.002 -20"><span class='ocrx_word' id='word_1_29' title='bbox 326 897 474 962; x_wconf 90' lang='lat' dir='ltr'><strong>desinens</strong></span> <span class='ocrx_word' id='word_1_30' title='bbox 499 897 690 961; x_wconf 89' lang='lat' dir='ltr'><strong>vocabulum</strong></span> <span class='ocrx_word' id='word_1_31' title='bbox 716 897 849 962; x_wconf 89' lang='lat' dir='ltr'><strong>elisione</strong></span> <span class='ocrx_word' id='word_1_32' title='bbox 874 881 1023 960; x_wconf 84' lang='lat' dir='ltr'><strong>ultimam</strong></span> <span class='ocrx_word' id='word_1_33' title='bbox 1049 895 1209 980; x_wconf 78' lang='lat' dir='ltr'><strong>syllabam</strong></span> <span class='ocrx_word' id='word_1_34' title='bbox 1234 898 1366 979; x_wconf 88' lang='lat' dir='ltr'><strong>amittit,</strong></span> <span class='ocrx_word' id='word_1_35' title='bbox 1389 919 1471 982; x_wconf 88' lang='lat' dir='ltr'><strong>qnae</strong></span> 
     </span>
     <span class='ocr_line' id='line_1_6' title="bbox 326 1003 1471 1088; baseline -0.002 -18"><span class='ocrx_word' id='word_1_36' title='bbox 326 1005 354 1070; x_wconf 87' lang='lat' dir='ltr'><strong>si</strong></span> <span class='ocrx_word' id='word_1_37' title='bbox 377 1027 443 1071; x_wconf 88' lang='lat' dir='ltr'><strong>non</strong></span> <span class='ocrx_word' id='word_1_38' title='bbox 466 1003 648 1086; x_wconf 81' lang='lat' dir='ltr'><strong>elideretur,</strong></span> <span class='ocrx_word' id='word_1_39' title='bbox 671 1003 753 1067; x_wconf 91' lang='lat' dir='ltr'><strong>nihil</strong></span> <span class='ocrx_word' id='word_1_40' title='bbox 777 1003 817 1067; x_wconf 86' lang='lat' dir='ltr'><strong>ad</strong></span> <span class='ocrx_word' id='word_1_41' title='bbox 842 1003 1008 1087; x_wconf 88' lang='lat' dir='ltr'><strong>legitimae</strong></span> <span class='ocrx_word' id='word_1_42' title='bbox 1033 1023 1184 1069; x_wconf 87' lang='lat' dir='ltr'><strong>caesurae</strong></span> <span class='ocrx_word' id='word_1_43' title='bbox 1204 1004 1400 1088; x_wconf 77' lang='lat' dir='ltr'><strong>elegantiam</strong></span> <span class='ocrx_word' id='word_1_44' title='bbox 1419 1003 1471 1068; x_wconf 90' lang='lat' dir='ltr'><strong>de-</strong></span> 
     </span>
    </p>
   </div>
   <div class='ocr_carea' id='block_1_3' title="bbox 326 1110 737 1195">
    <p class='ocr_par' dir='ltr' id='par_1_3' title="bbox 326 1110 737 1195">
     <span class='ocr_line' id='line_1_7' title="bbox 326 1110 737 1195; baseline -0.002 -18"><span class='ocrx_word' id='word_1_45' title='bbox 326 1116 426 1195; x_wconf 85' lang='lat' dir='ltr'><strong>esset,</strong></span> <span class='ocrx_word' id='word_1_46' title='bbox 450 1110 635 1177; x_wconf 75' lang='grc'><strong>6111305.</strong></span> <span class='ocrx_word' id='word_1_47' title='bbox 659 1111 737 1176; x_wconf 79' lang='lat'><strong>326:</strong></span> 
     </span>
    </p>
   </div>
   <div class='ocr_carea' id='block_1_4' title="bbox 414 1252 1474 1640">
    <p class='ocr_par' dir='ltr' id='par_1_4' title="bbox 416 1252 1471 1426">
     <span class='ocr_line' id='line_1_8' title="bbox 416 1252 1471 1340; baseline 0.001 -23"><span class='ocrx_word' id='word_1_48' title='bbox 416 1252 481 1329; x_wconf 85' lang='lat' dir='ltr'><strong>Qui</strong></span> <span class='ocrx_word' id='word_1_49' title='bbox 501 1253 599 1318; x_wconf 90' lang='lat' dir='ltr'><strong>homo</strong></span> <span class='ocrx_word' id='word_1_50' title='bbox 628 1273 701 1316; x_wconf 90' lang='lat' dir='ltr'><strong>cum</strong></span> <span class='ocrx_word' id='word_1_51' title='bbox 726 1253 834 1316; x_wconf 89' lang='lat' dir='ltr'><strong>animo</strong></span> <span class='ocrx_word' id='word_1_52' title='bbox 859 1252 933 1316; x_wconf 90' lang='lat' dir='ltr'><strong>inde</strong></span> <span class='ocrx_word' id='word_1_53' title='bbox 956 1253 996 1318; x_wconf 77' lang='lat' dir='ltr'><strong>ab</strong></span> <span class='ocrx_word' id='word_1_54' title='bbox 1019 1253 1151 1318; x_wconf 89' lang='lat' dir='ltr'><strong>ineunte</strong></span> <span class='ocrx_word' id='word_1_55' title='bbox 1175 1256 1283 1319; x_wconf 75' lang='lat' dir='ltr'><strong>aetate</strong></span> <span class='ocrx_word' id='word_1_56' title='bbox 1306 1255 1471 1340; x_wconf 71' lang='lat' dir='ltr'><strong>depugnat</strong></span> 
     </span>
     <span class='ocr_line' id='line_1_9' title="bbox 1180 1383 1248 1426; baseline 0.029 -2"><span class='ocrx_word' id='word_1_57' title='bbox 1180 1383 1248 1426; x_wconf 89' lang='lat' dir='ltr'><strong>sno.</strong></span> 
     </span>
    </p>

    <p class='ocr_par' dir='ltr' id='par_1_5' title="bbox 414 1448 1474 1640">
     <span class='ocr_line' id='line_1_10' title="bbox 414 1448 1474 1554; baseline 0.004 -24"><span class='ocrx_word' id='word_1_58' title='bbox 414 1448 625 1532; x_wconf 60' lang='lat' dir='ltr'><strong>Adulescenti</strong></span> <span class='ocrx_word' id='word_1_59' title='bbox 653 1467 730 1531; x_wconf 90' lang='lat' dir='ltr'><strong>hinc</strong></span> <span class='ocrx_word' id='word_1_60' title='bbox 761 1469 877 1552; x_wconf 88' lang='lat' dir='ltr'><strong>ge&#39;nere</strong></span> <span class='ocrx_word' id='word_1_61' title='bbox 908 1489 1048 1550; x_wconf 88' lang='lat' dir='ltr'><strong>summo,</strong></span> <span class='ocrx_word' id='word_1_62' title='bbox 1081 1466 1184 1533; x_wconf 87' lang='lat' dir='ltr'><strong>amico</strong></span> <span class='ocrx_word' id='word_1_63' title='bbox 1215 1472 1312 1553; x_wconf 89' lang='lat' dir='ltr'><strong>atque</strong></span> <span class='ocrx_word' id='word_1_64' title='bbox 1343 1468 1474 1554; x_wconf 87' lang='lat' dir='ltr'><strong>aequali</strong></span> 
     </span>
     <span class='ocr_line' id='line_1_11' title="bbox 1180 1598 1266 1640; baseline 0.012 -1"><span class='ocrx_word' id='word_1_65' title='bbox 1180 1598 1266 1640; x_wconf 90' lang='lat' dir='ltr'><strong>meo:</strong></span> 
     </span>
    </p>
   </div>
   <div class='ocr_carea' id='block_1_5' title="bbox 325 1717 1472 2104">
    <p class='ocr_par' dir='ltr' id='par_1_6' title="bbox 325 1717 1472 2104">
     <span class='ocr_line' id='line_1_12' title="bbox 328 1717 1471 1801; baseline 0.002 -19"><span class='ocrx_word' id='word_1_66' title='bbox 328 1719 512 1801; x_wconf 83' lang='lat' dir='ltr'><strong>pariterque</strong></span> <span class='ocrx_word' id='word_1_67' title='bbox 539 1740 568 1782; x_wconf 83' lang='grc'><strong>1.</strong></span> <span class='ocrx_word' id='word_1_68' title='bbox 592 1717 666 1782; x_wconf 85' lang='lat'>302.</span> <span class='ocrx_word' id='word_1_69' title='bbox 694 1718 768 1782; x_wconf 87' lang='lat'>313.</span> <span class='ocrx_word' id='word_1_70' title='bbox 796 1717 870 1783; x_wconf 88' lang='grc'><strong>334.</strong></span> <span class='ocrx_word' id='word_1_71' title='bbox 898 1717 972 1782; x_wconf 91' lang='grc'><strong>367.</strong></span> <span class='ocrx_word' id='word_1_72' title='bbox 1001 1719 1075 1782; x_wconf 77' lang='lat'><strong>620.</strong></span> <span class='ocrx_word' id='word_1_73' title='bbox 1104 1719 1178 1784; x_wconf 81' lang='grc'><strong>626.</strong></span> <span class='ocrx_word' id='word_1_74' title='bbox 1202 1718 1275 1785; x_wconf 91' lang='grc'><strong>649.</strong></span> <span class='ocrx_word' id='word_1_75' title='bbox 1299 1719 1374 1784; x_wconf 92' lang='grc'><strong>699.</strong></span> <span class='ocrx_word' id='word_1_76' title='bbox 1399 1720 1471 1784; x_wconf 80' lang='grc'><strong>702.</strong></span> 
     </span>
     <span class='ocr_line' id='line_1_13' title="bbox 327 1824 1469 1909; baseline -0.001 -18"><span class='ocrx_word' id='word_1_77' title='bbox 327 1826 401 1891; x_wconf 84' lang='grc'><strong>857.</strong></span> <span class='ocrx_word' id='word_1_78' title='bbox 420 1825 495 1890; x_wconf 92' lang='grc'><strong>973.</strong></span> <span class='ocrx_word' id='word_1_79' title='bbox 514 1825 588 1890; x_wconf 84' lang='grc'><strong>982.</strong></span> <span class='ocrx_word' id='word_1_80' title='bbox 606 1824 681 1890; x_wconf 91' lang='grc'><strong>983.</strong></span> <span class='ocrx_word' id='word_1_81' title='bbox 700 1825 774 1890; x_wconf 91' lang='grc'><strong>986.</strong></span> <span class='ocrx_word' id='word_1_82' title='bbox 794 1824 867 1889; x_wconf 92' lang='grc'><strong>987.</strong></span> <span class='ocrx_word' id='word_1_83' title='bbox 887 1825 962 1890; x_wconf 91' lang='grc'><strong>988.</strong></span> <span class='ocrx_word' id='word_1_84' title='bbox 984 1825 1077 1890; x_wconf 81' lang='grc'><strong>1126.</strong></span> <span class='ocrx_word' id='word_1_85' title='bbox 1101 1825 1198 1890; x_wconf 73' lang='grc'><strong>11441</strong></span> <span class='ocrx_word' id='word_1_86' title='bbox 1222 1825 1339 1909; x_wconf 90' lang='lat' dir='ltr'><strong>quibus</strong></span> <span class='ocrx_word' id='word_1_87' title='bbox 1358 1829 1469 1892; x_wconf 87' lang='lat' dir='ltr'><strong>tamen</strong></span> 
     </span>
     <span class='ocr_line' id='line_1_14' title="bbox 325 1930 1472 2016; baseline -0.002 -19"><span class='ocrx_word' id='word_1_88' title='bbox 325 1952 390 1997; x_wconf 90' lang='lat' dir='ltr'><strong>non</strong></span> <span class='ocrx_word' id='word_1_89' title='bbox 420 1953 513 2016; x_wconf 88' lang='lat' dir='ltr'><strong>pares</strong></span> <span class='ocrx_word' id='word_1_90' title='bbox 543 1955 571 1998; x_wconf 84' lang='lat' dir='ltr'><strong>r.</strong></span> <span class='ocrx_word' id='word_1_91' title='bbox 596 1930 670 1996; x_wconf 87' lang='lat'>651.</span> <span class='ocrx_word' id='word_1_92' title='bbox 694 1931 759 1996; x_wconf 87' lang='lat'><strong>690</strong></span> <span class='ocrx_word' id='word_1_93' title='bbox 788 1930 966 2014; x_wconf 87' lang='lat' dir='ltr'><strong>horumque</strong></span> <span class='ocrx_word' id='word_1_94' title='bbox 996 1931 1132 2015; x_wconf 85' lang='lat' dir='ltr'><strong>similes,</strong></span> <span class='ocrx_word' id='word_1_95' title='bbox 1166 1930 1314 2016; x_wconf 91' lang='lat' dir='ltr'><strong>legitima</strong></span> <span class='ocrx_word' id='word_1_96' title='bbox 1338 1954 1472 1998; x_wconf 87' lang='lat' dir='ltr'><strong>caesura</strong></span> 
     </span>
     <span class='ocr_line' id='line_1_15' title="bbox 326 2042 622 2104; baseline 0 -2"><span class='ocrx_word' id='word_1_97' title='bbox 326 2059 439 2104; x_wconf 85' lang='lat' dir='ltr'><strong>revera</strong></span> <span class='ocrx_word' id='word_1_98' title='bbox 462 2042 622 2104; x_wconf 88' lang='lat' dir='ltr'><strong>carentes:</strong></span> 
     </span>
    </p>
   </div>
   <div class='ocr_carea' id='block_1_6' title="bbox 199 2165 1470 2480">
    <p class='ocr_par' dir='ltr' id='par_1_7' title="bbox 199 2165 1470 2480">
     <span class='ocr_line' id='line_1_16' title="bbox 199 2165 1470 2266; baseline 0.005 -26"><span class='ocrx_word' id='word_1_99' title='bbox 199 2199 324 2240; x_wconf 75' lang='lat' dir='ltr'><strong>cccxxv</strong></span> <span class='ocrx_word' id='word_1_100' title='bbox 416 2165 453 2245; x_wconf 81' lang='lat' dir='ltr'><strong>in</strong></span> <span class='ocrx_word' id='word_1_101' title='bbox 476 2181 547 2246; x_wconf 85' lang='lat' dir='ltr'><strong>foro</strong></span> <span class='ocrx_word' id='word_1_102' title='bbox 571 2202 706 2264; x_wconf 87' lang='lat' dir='ltr'><strong>operam</strong></span> <span class='ocrx_word' id='word_1_103' title='bbox 731 2180 845 2246; x_wconf 87' lang='lat' dir='ltr'><strong>amicis</strong></span> <span class='ocrx_word' id='word_1_104' title='bbox 869 2182 924 2264; x_wconf 92' lang='lat' dir='ltr'><strong>da,</strong></span> <span class='ocrx_word' id='word_1_105' title='bbox 947 2205 987 2245; x_wconf 91' lang='lat' dir='ltr'><strong>na</strong></span> <span class='ocrx_word' id='word_1_106' title='bbox 1011 2181 1151 2246; x_wconf 75' lang='lat' dir='ltr'><strong>inlecto</strong></span> <span class='ocrx_word' id='word_1_107' title='bbox 1176 2183 1312 2266; x_wconf 89' lang='lat' dir='ltr'><strong>amicae,</strong></span> <span class='ocrx_word' id='word_1_108' title='bbox 1335 2183 1470 2246; x_wconf 78' lang='grc'><strong>616611-</strong></span> 
     </span>
     <span class='ocr_line' id='line_1_17' title="bbox 1179 2293 1301 2355; baseline 0.025 -3"><span class='ocrx_word' id='word_1_109' title='bbox 1179 2293 1233 2354; x_wconf 87' lang='lat' dir='ltr'><strong>tus</strong></span> <span class='ocrx_word' id='word_1_110' title='bbox 1257 2309 1301 2355; x_wconf 89' lang='lat' dir='ltr'><strong>es.</strong></span> 
     </span>
     <span class='ocr_line' id='line_1_18' title="bbox 415 2392 1404 2480; baseline 0.002 -22"><span class='ocrx_word' id='word_1_111' title='bbox 415 2394 468 2458; x_wconf 77' lang='lat' dir='ltr'><strong>Me</strong></span> <span class='ocrx_word' id='word_1_112' title='bbox 492 2415 679 2480; x_wconf 77' lang='lat' dir='ltr'><strong>germanam</strong></span> <span class='ocrx_word' id='word_1_113' title='bbox 703 2392 811 2461; x_wconf 64' lang='lat' dir='ltr'><strong>miram</strong></span> <span class='ocrx_word' id='word_1_114' title='bbox 836 2417 979 2462; x_wconf 88' lang='lat' dir='ltr'><strong>sororem</strong></span> <span class='ocrx_word' id='word_1_115' title='bbox 1003 2395 1036 2460; x_wconf 93' lang='lat' dir='ltr'><strong>in</strong></span> <span class='ocrx_word' id='word_1_116' title='bbox 1061 2394 1310 2460; x_wconf 76' lang='lat' dir='ltr'><strong>concubinatum</strong></span> <span class='ocrx_word' id='word_1_117' title='bbox 1334 2396 1404 2460; x_wconf 91' lang='lat' dir='ltr'><strong>tibi.</strong></span> 
     </span>
    </p>
   </div>
   <div class='ocr_carea' id='block_1_7' title="bbox 326 2535 1471 2623">
    <p class='ocr_par' dir='ltr' id='par_1_8' title="bbox 326 2535 1471 2623">
     <span class='ocr_line' id='line_1_19' title="bbox 326 2535 1471 2623; baseline 0.002 -23"><span class='ocrx_word' id='word_1_118' title='bbox 326 2535 401 2600; x_wconf 92' lang='lat' dir='ltr'><strong>Non</strong></span> <span class='ocrx_word' id='word_1_119' title='bbox 420 2537 524 2621; x_wconf 88' lang='lat' dir='ltr'><strong>magis</strong></span> <span class='ocrx_word' id='word_1_120' title='bbox 543 2559 651 2602; x_wconf 86' lang='lat' dir='ltr'><strong>rarum</strong></span> <span class='ocrx_word' id='word_1_121' title='bbox 675 2538 873 2623; x_wconf 84' lang='lat' dir='ltr'><strong>posterius</strong></span> <span class='ocrx_word' id='word_1_122' title='bbox 898 2557 999 2621; x_wconf 88' lang='lat' dir='ltr'><strong>genus</strong></span> <span class='ocrx_word' id='word_1_123' title='bbox 1019 2541 1078 2620; x_wconf 89' lang='lat' dir='ltr'><strong>est,</strong></span> <span class='ocrx_word' id='word_1_124' title='bbox 1102 2537 1314 2603; x_wconf 81' lang='lat' dir='ltr'><strong>adventiciam</strong></span> <span class='ocrx_word' id='word_1_125' title='bbox 1335 2539 1471 2622; x_wconf 91' lang='lat' dir='ltr'><strong>plerum-</strong></span> 
     </span>
    </p>
   </div>
   <div class='ocr_carea' id='block_1_8' title="bbox 326 2643 1471 2835">
    <p class='ocr_par' dir='ltr' id='par_1_9' title="bbox 326 2643 1471 2835">
     <span class='ocr_line' id='line_1_20' title="bbox 327 2643 1471 2728; baseline 0.002 -22"><span class='ocrx_word' id='word_1_126' title='bbox 327 2665 388 2727; x_wconf 90' lang='lat' dir='ltr'><strong>qna</strong></span> <span class='ocrx_word' id='word_1_127' title='bbox 420 2643 543 2708; x_wconf 88' lang='lat' dir='ltr'><strong>habens</strong></span> <span class='ocrx_word' id='word_1_128' title='bbox 577 2644 724 2728; x_wconf 88' lang='lat' dir='ltr'><strong>podicam</strong></span> <span class='ocrx_word' id='word_1_129' title='bbox 757 2665 922 2710; x_wconf 86' lang='lat' dir='ltr'><strong>caesuram</strong></span> <span class='ocrx_word' id='word_1_130' title='bbox 956 2648 1031 2728; x_wconf 91' lang='lat' dir='ltr'><strong>post</strong></span> <span class='ocrx_word' id='word_1_131' title='bbox 1064 2645 1196 2709; x_wconf 87' lang='lat' dir='ltr'><strong>tertiam</strong></span> <span class='ocrx_word' id='word_1_132' title='bbox 1230 2645 1342 2708; x_wconf 84' lang='lat' dir='ltr'><strong>araim:</strong></span> <span class='ocrx_word' id='word_1_133' title='bbox 1380 2646 1471 2709; x_wconf 90' lang='lat' dir='ltr'><strong>euius</strong></span> 
     </span>
     <span class='ocr_line' id='line_1_21' title="bbox 326 2749 1470 2835; baseline 0.003 -22"><span class='ocrx_word' id='word_1_134' title='bbox 326 2749 405 2815; x_wconf 84' lang='lat' dir='ltr'><strong>haec</strong></span> <span class='ocrx_word' id='word_1_135' title='bbox 428 2772 445 2814; x_wconf 90' lang='lat' dir='ltr'><strong>e</strong></span> <span class='ocrx_word' id='word_1_136' title='bbox 464 2751 653 2816; x_wconf 84' lang='lat' dir='ltr'><strong>Trinummo</strong></span> <span class='ocrx_word' id='word_1_137' title='bbox 677 2751 825 2835; x_wconf 85' lang='lat' dir='ltr'><strong>exempla</strong></span> <span class='ocrx_word' id='word_1_138' title='bbox 844 2751 955 2816; x_wconf 79' lang='lat' dir='ltr'><strong>notavi</strong></span> <span class='ocrx_word' id='word_1_139' title='bbox 975 2774 1004 2816; x_wconf 89' lang='lat' dir='ltr'><strong>v.</strong></span> <span class='ocrx_word' id='word_1_140' title='bbox 1019 2750 1093 2816; x_wconf 83' lang='lat'>358.</span> <span class='ocrx_word' id='word_1_141' title='bbox 1113 2751 1188 2816; x_wconf 92' lang='grc'><strong>373.</strong></span> <span class='ocrx_word' id='word_1_142' title='bbox 1208 2751 1281 2815; x_wconf 80' lang='lat'>604.</span> <span class='ocrx_word' id='word_1_143' title='bbox 1303 2752 1377 2816; x_wconf 88' lang='grc'><strong>646.</strong></span> <span class='ocrx_word' id='word_1_144' title='bbox 1396 2752 1470 2816; x_wconf 90' lang='grc'><strong>661.</strong></span> 
     </span>
    </p>
   </div>
   <div class='ocr_carea' id='block_1_9' title="bbox 326 2857 644 2924">
    <p class='ocr_par' dir='ltr' id='par_1_10' title="bbox 326 2857 644 2924">
     <span class='ocr_line' id='line_1_22' title="bbox 326 2857 644 2924; baseline 0 -3"><span class='ocrx_word' id='word_1_145' title='bbox 326 2857 400 2922; x_wconf 86' lang='grc'><strong>985.</strong></span> <span class='ocrx_word' id='word_1_146' title='bbox 427 2858 520 2922; x_wconf 90' lang='grc'><strong>1049.</strong></span> <span class='ocrx_word' id='word_1_147' title='bbox 547 2859 644 2924; x_wconf 71' lang='grc'><strong>11731</strong></span> 
     </span>
    </p>
   </div>
   <div class='ocr_carea' id='block_1_10' title="bbox 414 2997 1470 4348">
    <p class='ocr_par' dir='ltr' id='par_1_11' title="bbox 414 2997 1470 4348">
     <span class='ocr_line' id='line_1_23' title="bbox 415 2997 1467 3086; baseline 0.003 -23"><span class='ocrx_word' id='word_1_148' title='bbox 415 2997 501 3076; x_wconf 89' lang='lat' dir='ltr'><strong>Quoi</strong></span> <span class='ocrx_word' id='word_1_149' title='bbox 521 3005 557 3066; x_wconf 90' lang='lat' dir='ltr'><strong>tn</strong></span> <span class='ocrx_word' id='word_1_150' title='bbox 580 3005 758 3086; x_wconf 72' lang='lat' dir='ltr'><strong>egestatem</strong></span> <span class='ocrx_word' id='word_1_151' title='bbox 782 3003 920 3066; x_wconf 85' lang='lat' dir='ltr'><strong>tolerare</strong></span> <span class='ocrx_word' id='word_1_152' title='bbox 943 2998 1015 3064; x_wconf 83' lang='lat' dir='ltr'><strong>nis?</strong></span> <span class='ocrx_word' id='word_1_153' title='bbox 1043 3001 1174 3085; x_wconf 92' lang='lat' dir='ltr'><strong>loquere</strong></span> <span class='ocrx_word' id='word_1_154' title='bbox 1198 3001 1350 3065; x_wconf 72' lang='lat' dir='ltr'><strong>audacter</strong></span> <span class='ocrx_word' id='word_1_155' title='bbox 1373 3001 1467 3086; x_wconf 90' lang='lat' dir='ltr'><strong>patri.</strong></span> 
     </span>
     <span class='ocr_line' id='line_1_24' title="bbox 415 3103 1470 3194; baseline 0.003 -25"><span class='ocrx_word' id='word_1_156' title='bbox 415 3103 490 3170; x_wconf 85' lang='lat' dir='ltr'><strong>Scin</strong></span> <span class='ocrx_word' id='word_1_157' title='bbox 522 3113 558 3173; x_wconf 89' lang='grc'><strong>16</strong></span> <span class='ocrx_word' id='word_1_158' title='bbox 590 3109 683 3173; x_wconf 91' lang='lat' dir='ltr'><strong>illum</strong></span> <span class='ocrx_word' id='word_1_159' title='bbox 714 3131 778 3194; x_wconf 91' lang='lat' dir='ltr'><strong>quo</strong></span> <span class='ocrx_word' id='word_1_160' title='bbox 809 3111 926 3193; x_wconf 71' lang='lat' dir='ltr'><strong>genere</strong></span> <span class='ocrx_word' id='word_1_161' title='bbox 957 3111 1075 3193; x_wconf 88' lang='lat' dir='ltr'><strong>gnatas</strong></span> <span class='ocrx_word' id='word_1_162' title='bbox 1107 3106 1171 3171; x_wconf 87' lang='lat' dir='ltr'><strong>sit?</strong></span> <span class='ocrx_word' id='word_1_163' title='bbox 1217 3105 1300 3192; x_wconf 86' lang='lat' dir='ltr'><strong>Scio,</strong></span> <span class='ocrx_word' id='word_1_164' title='bbox 1324 3107 1470 3192; x_wconf 73' lang='lat' dir='ltr'><strong>adprime</strong></span> 
     </span>
     <span class='ocr_line' id='line_1_25' title="bbox 1180 3214 1291 3297; baseline 0.027 -21"><span class='ocrx_word' id='word_1_165' title='bbox 1180 3214 1291 3297; x_wconf 84' lang='lat' dir='ltr'><strong>probo.</strong></span> 
     </span>
     <span class='ocr_line' id='line_1_26' title="bbox 414 3316 1310 3407; baseline -0.001 -22"><span class='ocrx_word' id='word_1_166' title='bbox 414 3319 501 3396; x_wconf 78' lang='lat' dir='ltr'><strong>Quoi</strong></span> <span class='ocrx_word' id='word_1_167' title='bbox 521 3322 645 3387; x_wconf 90' lang='lat' dir='ltr'><strong>homini</strong></span> <span class='ocrx_word' id='word_1_168' title='bbox 669 3323 861 3406; x_wconf 76' lang='lat' dir='ltr'><strong>despondit?</strong></span> <span class='ocrx_word' id='word_1_169' title='bbox 884 3321 1026 3407; x_wconf 86' lang='lat' dir='ltr'><strong>Lysiteli</strong></span> <span class='ocrx_word' id='word_1_170' title='bbox 1046 3320 1207 3386; x_wconf 90' lang='lat' dir='ltr'><strong>Philtonis</strong></span> <span class='ocrx_word' id='word_1_171' title='bbox 1230 3316 1310 3385; x_wconf 83' lang='grc'><strong>11116.</strong></span> 
     </span>
     <span class='ocr_line' id='line_1_27' title="bbox 415 3410 1447 3512; baseline 0.003 -21"><span class='ocrx_word' id='word_1_172' title='bbox 415 3410 465 3492; x_wconf 75' lang='lat' dir='ltr'><strong>dd</strong></span> <span class='ocrx_word' id='word_1_173' title='bbox 490 3429 711 3512; x_wconf 89' lang='lat' dir='ltr'><strong>quaerundum</strong></span> <span class='ocrx_word' id='word_1_174' title='bbox 735 3430 907 3494; x_wconf 80' lang='lat' dir='ltr'><strong>honorem:</strong></span> <span class='ocrx_word' id='word_1_175' title='bbox 939 3432 975 3492; x_wconf 91' lang='grc'><strong>16</strong></span> <span class='ocrx_word' id='word_1_176' title='bbox 998 3425 1105 3492; x_wconf 85' lang='lat' dir='ltr'><strong>fecisti</strong></span> <span class='ocrx_word' id='word_1_177' title='bbox 1129 3432 1166 3491; x_wconf 92' lang='lat' dir='ltr'><strong>nt</strong></span> <span class='ocrx_word' id='word_1_178' title='bbox 1188 3426 1330 3494; x_wconf 86' lang='lat' dir='ltr'><strong>difficilis</strong></span> <span class='ocrx_word' id='word_1_179' title='bbox 1353 3429 1447 3494; x_wconf 80' lang='lat' dir='ltr'><strong>foret</strong></span> 
     </span>
     <span class='ocr_line' id='line_1_28' title="bbox 415 3532 1469 3620; baseline 0.002 -22"><span class='ocrx_word' id='word_1_180' title='bbox 415 3534 544 3617; x_wconf 77' lang='lat' dir='ltr'><strong>Perpeti</strong></span> <span class='ocrx_word' id='word_1_181' title='bbox 572 3538 708 3620; x_wconf 79' lang='lat' dir='ltr'><strong>nequeo:</strong></span> <span class='ocrx_word' id='word_1_182' title='bbox 741 3536 838 3608; x_wconf 86' lang='lat' dir='ltr'><strong>simul</strong></span> <span class='ocrx_word' id='word_1_183' title='bbox 869 3557 919 3600; x_wconf 92' lang='lat' dir='ltr'><strong>me</strong></span> <span class='ocrx_word' id='word_1_184' title='bbox 947 3536 1039 3618; x_wconf 77' lang='lat' dir='ltr'><strong>piget</strong></span> <span class='ocrx_word' id='word_1_185' title='bbox 1072 3536 1171 3616; x_wconf 74' lang='lat' dir='ltr'><strong>[pipat</strong></span> <span class='ocrx_word' id='word_1_186' title='bbox 1200 3532 1317 3616; x_wconf 81' lang='lat' dir='ltr'><strong>Trin.²]</strong></span> <span class='ocrx_word' id='word_1_187' title='bbox 1355 3558 1469 3620; x_wconf 86' lang='lat' dir='ltr'><strong>parum</strong></span> 
     </span>
     <span class='ocr_line' id='line_1_29' title="bbox 748 3641 1361 3723; baseline 0.015 -26"><span class='ocrx_word' id='word_1_188' title='bbox 748 3667 751 3674; x_wconf 92' lang='lat'>·</span> <span class='ocrx_word' id='word_1_189' title='bbox 1178 3641 1296 3723; x_wconf 77' lang='lat' dir='ltr'><strong>pudere</strong></span> <span class='ocrx_word' id='word_1_190' title='bbox 1318 3646 1361 3708; x_wconf 88' lang='lat' dir='ltr'><strong>te.</strong></span> 
     </span>
     <span class='ocr_line' id='line_1_30' title="bbox 416 3747 1468 3835; baseline 0.003 -24"><span class='ocrx_word' id='word_1_191' title='bbox 416 3747 656 3823; x_wconf 78' lang='lat' dir='ltr'><strong>Quamobrem?</strong></span> <span class='ocrx_word' id='word_1_192' title='bbox 680 3747 763 3824; x_wconf 83' lang='lat' dir='ltr'><strong>Quia</strong></span> <span class='ocrx_word' id='word_1_193' title='bbox 786 3749 878 3813; x_wconf 90' lang='lat' dir='ltr'><strong>illum</strong></span> <span class='ocrx_word' id='word_1_194' title='bbox 902 3769 998 3832; x_wconf 87' lang='lat' dir='ltr'><strong>quern</strong></span> <span class='ocrx_word' id='word_1_195' title='bbox 1018 3749 1192 3812; x_wconf 80' lang='lat' dir='ltr'><strong>e‘nrentitus</strong></span> <span class='ocrx_word' id='word_1_196' title='bbox 1211 3747 1292 3835; x_wconf 75' lang='lat' dir='ltr'><strong>es*),</strong></span> <span class='ocrx_word' id='word_1_197' title='bbox 1315 3769 1376 3833; x_wconf 90' lang='lat' dir='ltr'><strong>ego</strong></span> <span class='ocrx_word' id='word_1_198' title='bbox 1396 3773 1468 3814; x_wconf 90' lang='lat' dir='ltr'><strong>snm</strong></span> 
     </span>
     <span class='ocr_line' id='line_1_31' title="bbox 1153 3853 1470 3940; baseline 0.006 -22"><span class='ocrx_word' id='word_1_199' title='bbox 1153 3857 1243 3940; x_wconf 90' lang='lat' dir='ltr'><strong>ipsus</strong></span> <span class='ocrx_word' id='word_1_200' title='bbox 1269 3853 1470 3922; x_wconf 75' lang='lat' dir='ltr'><strong>Charmides.</strong></span> 
     </span>
     <span class='ocr_line' id='line_1_32' title="bbox 415 3958 1469 4048; baseline 0.005 -23"><span class='ocrx_word' id='word_1_201' title='bbox 415 3958 480 4038; x_wconf 83' lang='lat' dir='ltr'><strong>Qui</strong></span> <span class='ocrx_word' id='word_1_202' title='bbox 500 3962 547 4026; x_wconf 92' lang='lat' dir='ltr'><strong>nil</strong></span> <span class='ocrx_word' id='word_1_203' title='bbox 572 3963 694 4028; x_wconf 88' lang='lat' dir='ltr'><strong>meriti:</strong></span> <span class='ocrx_word' id='word_1_204' title='bbox 727 3961 847 4048; x_wconf 87' lang='lat' dir='ltr'><strong>quippe</strong></span> <span class='ocrx_word' id='word_1_205' title='bbox 870 3984 981 4027; x_wconf 92' lang='lat' dir='ltr'><strong>eorum</strong></span> <span class='ocrx_word' id='word_1_206' title='bbox 1007 3983 1045 4024; x_wconf 83' lang='lat' dir='ltr'><strong>ex</strong></span> <span class='ocrx_word' id='word_1_207' title='bbox 1069 3961 1200 4045; x_wconf 87' lang='lat' dir='ltr'><strong>inge‘nio</strong></span> <span class='ocrx_word' id='word_1_208' title='bbox 1225 3963 1390 4048; x_wconf 83' lang='lat' dir='ltr'><strong>ingenium</strong></span> <span class='ocrx_word' id='word_1_209' title='bbox 1414 3964 1469 4030; x_wconf 91' lang='lat' dir='ltr'><strong>ho·</strong></span> 
     </span>
     <span class='ocr_line' id='line_1_33' title="bbox 1180 4071 1426 4153; baseline 0.024 -22"><span class='ocrx_word' id='word_1_210' title='bbox 1180 4072 1251 4132; x_wconf 83' lang='lat' dir='ltr'><strong>rrim</strong></span> <span class='ocrx_word' id='word_1_211' title='bbox 1275 4071 1426 4153; x_wconf 88' lang='lat' dir='ltr'><strong>probant.</strong></span> 
     </span>
     <span class='ocr_line' id='line_1_34' title="bbox 415 4157 1469 4262; baseline 0.004 -23"><span class='ocrx_word' id='word_1_212' title='bbox 415 4173 604 4241; x_wconf 89' lang='lat' dir='ltr'><strong>Miserumst</strong></span> <span class='ocrx_word' id='word_1_213' title='bbox 627 4175 712 4241; x_wconf 89' lang='lat' dir='ltr'><strong>male</strong></span> <span class='ocrx_word' id='word_1_214' title='bbox 736 4175 914 4262; x_wconf 76' lang='lat' dir='ltr'><strong>promerita</strong></span> <span class='ocrx_word' id='word_1_215' title='bbox 936 4157 973 4239; x_wconf 83' lang='lat' dir='ltr'><strong>ut</strong></span> <span class='ocrx_word' id='word_1_216' title='bbox 993 4175 1108 4240; x_wconf 87' lang='lat' dir='ltr'><strong>merita</strong></span> <span class='ocrx_word' id='word_1_217' title='bbox 1127 4174 1203 4260; x_wconf 90' lang='lat' dir='ltr'><strong>sint,</strong></span> <span class='ocrx_word' id='word_1_218' title='bbox 1226 4177 1254 4240; x_wconf 88' lang='lat' dir='ltr'><strong>ei</strong></span> <span class='ocrx_word' id='word_1_219' title='bbox 1274 4177 1386 4242; x_wconf 89' lang='lat' dir='ltr'><strong>ulcisci</strong></span> <span class='ocrx_word' id='word_1_220' title='bbox 1405 4180 1469 4244; x_wconf 80' lang='lat' dir='ltr'><strong>ndu</strong></span> 
     </span>
     <span class='ocr_line' id='line_1_35' title="bbox 1178 4283 1263 4348; baseline 0.012 -1"><span class='ocrx_word' id='word_1_221' title='bbox 1178 4283 1263 4348; x_wconf 89' lang='lat' dir='ltr'><strong>licet.</strong></span> 
     </span>
    </p>
   </div>
   <div class='ocr_carea' id='block_1_11' title="bbox 336 4372 537 4380">
    <p class='ocr_par' dir='ltr' id='par_1_12' title="bbox 336 4372 537 4380">
     <span class='ocr_line' id='line_1_36' title="bbox 336 4372 537 4380; baseline 0.01 -2"><span class='ocrx_word' id='word_1_222' title='bbox 336 4372 478 4380; x_wconf 47' lang='grc' dir='ltr'><em>---.η-.,.-</em></span> <span class='ocrx_word' id='word_1_223' title='bbox 494 4374 537 4380; x_wconf 76' lang='lat'><strong>.—</strong></span> 
     </span>
    </p>
   </div>
   <div class='ocr_carea' id='block_1_12' title="bbox 326 4457 1469 4614">
    <p class='ocr_par' dir='ltr' id='par_1_13' title="bbox 326 4457 1469 4614">
     <span class='ocr_line' id='line_1_37' title="bbox 415 4457 1469 4528; baseline 0.002 -17"><span class='ocrx_word' id='word_1_224' title='bbox 415 4457 441 4524; x_wconf 73' lang='grc'><strong>*)</strong></span> <span class='ocrx_word' id='word_1_225' title='bbox 462 4459 634 4528; x_wconf 58' lang='lat' dir='ltr'><strong>[ementitus</strong></span> <span class='ocrx_word' id='word_1_226' title='bbox 652 4461 677 4512; x_wconf 83' lang='lat' dir='ltr'><strong>r&#39;s</strong></span> <span class='ocrx_word' id='word_1_227' title='bbox 696 4459 787 4514; x_wconf 73' lang='lat' dir='ltr'><strong>Trin&#39;</strong></span> <span class='ocrx_word' id='word_1_228' title='bbox 806 4475 868 4512; x_wconf 86' lang='lat' dir='ltr'><strong>curn</strong></span> <span class='ocrx_word' id='word_1_229' title='bbox 887 4457 1070 4514; x_wconf 78' lang='lat' dir='ltr'><strong>Fleckeiseno</strong></span> <span class='ocrx_word' id='word_1_230' title='bbox 1090 4458 1227 4514; x_wconf 81' lang='lat' dir='ltr'><strong>‘duriores</strong></span> <span class='ocrx_word' id='word_1_231' title='bbox 1246 4461 1387 4515; x_wconf 86' lang='lat' dir='ltr'><strong>nnmeroa’</strong></span> <span class='ocrx_word' id='word_1_232' title='bbox 1409 4477 1469 4516; x_wconf 89' lang='lat' dir='ltr'><strong>cor-</strong></span> 
     </span>
     <span class='ocr_line' id='line_1_38' title="bbox 326 4541 450 4614; baseline 0.024 -20"><span class='ocrx_word' id='word_1_233' title='bbox 326 4541 450 4614; x_wconf 82' lang='lat' dir='ltr'><strong>rigenti]</strong></span> 
     </span>
    </p>
   </div>
   <div class='ocr_carea' id='block_1_13' title="bbox 0 0 1664 5072">
    <p class='ocr_par' dir='ltr' id='par_1_14' title="bbox 0 0 1664 5072">
     <span class='ocr_line' id='line_1_39' title="bbox 0 0 1664 5072; baseline 0 0"><span class='ocrx_word' id='word_1_234' title='bbox 0 0 1664 5072; x_wconf 95' lang='lat' dir='ltr'><strong> </strong></span> 
     </span>
    </p>
   </div>
  </div>
 </body>
</html>
