3338 5072
331 360 396 426 384
616 373 881 428 Paouuoouess
904 374 951 422 uu
974 373 1184 423 simonisve

193 543 317 586 oxxxvr
330 519 405 586 Nisi
429 518 513 604 quod
536 518 756 603 unusquisque
780 540 839 584 sua
862 522 977 603 sponte
1000 517 1162 603 intellegit
1185 519 1370 601 correptum
1387 519 1474 599 peri·

330 631 481 692 stromata
508 648 574 691 nou
597 626 704 712 magis
728 625 860 711 regulae
883 645 1064 710 repugnare
1088 646 1185 709 quam
1209 622 1360 706 Philippi.
1405 622 1475 689 Nec

185 759 319 801 cxxxvn
333 753 393 818 ogo
422 731 615 815 quomitrem
645 754 829 798 mensuram
857 731 997 798 concedo
1021 731 1073 796 vel
1100 731 1328 796 necessitatem
1354 730 1475 796 hebere

330 840 380 905 vcl
409 839 629 905 defensionem
657 838 842 905 admittere:
879 838 958 924 quid
986 844 1037 904 est
1064 838 1149 903 euim
1178 837 1310 903 tandem
1339 860 1398 904 eur
1424 839 1475 902 vel

330 947 490 1031 ingratius
530 969 600 1012 esse
632 945 683 1011 vel
715 946 821 1011 minus
858 946 1051 1012 conveniens
1087 945 1209 1011 rationi
1244 945 1475 1026 quemobrem

331 1077 427 1139 qnam
454 1053 757 1136 quemddmodum
783 1053 950 1120 dicemus?
988 1052 1073 1138 quod
1103 1051 1245 1118 nondum
1270 1053 1397 1118 exstitit
1420 1051 1475 1138 qui

331 1163 586 1245 qswinodnsodum
614 1160 753 1245 proferri
781 1161 914 1226 iuberet.
962 1159 1089 1226 Certiue
1119 1159 1217 1225 etiam
1246 1163 1297 1225 est
1326 1158 1475 1243 barbara,

331 1290 390 1333 nec
409 1268 459 1334 vel
477 1267 628 1334 Plautina
647 1267 697 1333 vel
721 1268 825 1333 latina
848 1289 917 1333 csse
941 1267 1047 1332 tribus
1070 1267 1149 1332 adeo
1174 1266 1293 1332 litteris
1317 1267 1474 1350 correptis

331 1375 489 1459 improbus
519 1375 699 1456 imprudens
730 1375 844 1454 delore,
880 1376 932 1458 e'po
967 1374 1163 1453 ellandeo,
1198 1375 1276 1456 quid
1310 1373 1476 1457 ixprobrae

332 1481 422 1548 Trin.
445 1482 520 1548 318.
579 1481 650 1558 Quo
687 1481 850 1566 pertineat
887 1481 986 1547 etiam
1023 1480 1277 1564 quemddmodum
1313 1479 1477 1563 inpellunt

332 1612 361 1653 v.
385 1589 464 1672 236,
495 1587 560 1654 nisi
587 1589 620 1654 id
649 1590 694 1654 sit
720 1589 754 1653 in
782 1589 962 1654 octonario:
999 1610 1194 1673 quamquam
1217 1588 1270 1653 vel
1293 1589 1340 1654 sic
1363 1588 1475 1654 dubito

219 1721 227 1738 ·
331 1719 409 1762 uum
441 1718 507 1761 non
539 1717 596 1779 esp
627 1696 737 1781 potius
770 1685 965 1780 corripiatur
996 1717 1093 1780 quam
1120 1697 1154 1761 iu
1183 1719 1282 1761 unam
1313 1695 1473 1780 syllabam

332 1805 457 1868 modum
489 1800 705 1887 corissum)
749 1800 900 1867 Ceterum
932 1823 999 1867 non
1032 1802 1207 1869 obliviscor
1240 1801 1422 1888 simplicem
1453 1821 1476 1865 se

269 1923 270 1926 Ἴ
332 1942 388 1998 Vbi
413 1942 492 2013 Quod
515 1946 546 1996 tu
569 1947 726 2011 aspertum,
749 1943 817 2012 quus
839 1943 907 1997 melis*
929 1943 1014 1997 tricas
1032 1939 1151 1997 Bothius
1169 1942 1295 2012 reposuit
1312 1942 1475 1998 rectissime.

332 2031 377 2086 An
394 2046 429 2087 ue
448 2030 519 2085 illud
538 2029 652 2099 quidem
670 2031 819 2100 quicquam
839 2030 1001 2102 suspitionis
1020 2032 1141 2100 moveat,
1160 2031 1237 2101 quod
1250 2030 1349 2087 Pseud.
1360 2031 1380 2100 I,
1389 2036 1473 2099 6,127

333 2137 396 2177 oum
415 2121 514 2176 eadem
532 2118 707 2190 correptione
726 2118 875 2175 coniuncta
894 2120 938 2174 est
955 2119 1041 2174 etiam
1060 2121 1110 2190 pai
1125 2119 1203 2176 vocis
1221 2119 1373 2191 correptio:

405 2226 462 2294 Qut
480 2241 525 2280 me
544 2223 661 2296 irgento
680 2226 907 2282 circumuertsnt
945 2224 1013 2292 Quis
1032 2241 1077 2280 me
1095 2225 1230 2282 audacior
1248 2257 1291 2296 —,

333 2349 432 2404 reapse
450 2333 546 2404 igitur,
564 2331 593 2385 id
613 2332 689 2401 qnod
708 2349 793 2402 supra
811 2332 978 2400 ridebamus,
997 2331 1028 2386 in
1045 2331 1132 2387 iambi
1150 2330 1243 2387 locum
1261 2331 1400 2388 molossus
1414 2333 1475 2389 sula

334 2425 465 2478 stitutus?
502 2421 640 2478 Nimirum
663 2438 816 2491 numquam
837 2422 945 2476 factum
963 2422 1005 2476 est
1023 2419 1104 2490 alibi,
1132 2424 1164 2476 ut
1187 2437 1204 2476 a
1226 2423 1300 2477 male
1319 2422 1417 2480 sedulo
1435 2439 1476 2478 me

333 2512 380 2568 vel
397 2517 423 2566 te
440 2509 646 2566 adscriberetur
664 2510 738 2580 quod
756 2527 813 2566 uon
830 2510 971 2581 posuisset
988 2513 1080 2580 poste.
1113 2511 1152 2567 At
1169 2512 1244 2566 enim
1263 2511 1349 2568 etism
1367 2512 1476 2584 amphi-

333 2599 453 2656 brachus
471 2598 502 2654 in
518 2598 646 2655 uoehaei
662 2598 755 2655 locum
774 2599 858 2655 cessit
875 2598 977 2655 Persae
995 2599 1030 2667 ll,
1049 2606 1075 2668 2,
1095 2606 1140 2654 le:

405 2703 461 2764 ibi
479 2705 569 2762 modo.
606 2705 668 2776 Ego
686 2705 813 2761 laudabis
832 2705 905 2762 faxo.
943 2705 999 2761 Sed
1017 2705 1068 2760 has
1086 2705 1214 2775 tabellas,
1233 2707 1401 2778 Paegnium:

333 2831 399 2870 nam
418 2829 453 2868 ue
471 2813 524 2868 hoo
543 2812 656 2881 quidem
673 2812 793 2868 nimium
811 2811 902 2867 visum
920 2813 1125 2882 Kampmauno.
1162 2812 1213 2868 Cui
1230 2831 1324 2870 rursus
1342 2814 1413 2870 illud
1434 2833 1477 2870 re·

334 2920 421 2976 pono:
450 2903 504 2958 hoc
524 2901 647 2970 silicet,
669 2899 878 2956 liceutomnia.
915 2899 959 2953 Ad
977 2898 1048 2955 talia
1065 2902 1159 2956 autem
1179 2899 1358 2971 occalluisse,
1376 2902 1476 2958 hocine

334 3009 400 3048 vero
428 2994 472 3046 est
497 2990 652 3060 <collectos
671 2992 700 3045 ct
717 2987 990 3057 praepaveplzeceeu
1027 2987 1112 3055 Quasi
1137 3005 1204 3045 vero
1226 3007 1283 3046 non
1306 2990 1477 3061 aliquotiens

334 3082 449 3137 tutellae
472 3082 502 3134 et
522 3079 632 3134 misulas
653 3077 806 3133 formarum
829 3074 1000 3147 permutatio
1023 3074 1169 3134 Plautinos
1191 3095 1287 3134 sersus
1312 3081 1478 3151 corruperit,

334 3171 389 3226 hac
406 3172 501 3226 autem
518 3167 582 3238 ipsa
599 3165 669 3221 duce
687 3165 737 3220 ille
754 3180 865 3235 quoque
883 3163 1020 3220 facillima
1038 3181 1124 3236 opera
1142 3166 1182 3222 sic
1201 3168 1386 3226 emaculetur:

406 3272 461 3333 lbi
478 3274 570 3330 modo.
607 3271 668 3343 Ego
686 3270 814 3327 laudabis
832 3270 906 3326 faxo.
945 3271 999 3326 sod
1017 3274 1049 3327 tu
1067 3272 1119 3328 has
1136 3273 1256 3344 tabulas,
1274 3273 1441 3346 Paegnium:

335 3381 400 3439 coll.
419 3381 496 3436 Cure.
515 3380 562 3450 IV,
581 3386 607 3449 3,
627 3383 672 3433 13:

408 3486 462 3553 Qui
479 3487 531 3541 his
550 3485 671 3541 tabellae
690 3484 853 3554 obsignatas
873 3483 978 3539 attulit
1017 3483 1091 3550 Quas
1109 3485 1142 3539 tri
1160 3485 1230 3540 milri

406 3575 538 3644 Tabulas,
556 3590 626 3644 quos
645 3573 737 3629 luscos
755 3573 881 3641 libertos,
899 3575 970 3643 quos
990 3573 1155 3630 Summanos
1172 3575 1314 3631 somnias?

336 3683 376 3740 sic
400 3681 473 3738 enim
493 3682 563 3738 haee
582 3680 631 3736 diu
650 3683 693 3736 est
711 3697 774 3736 cum
793 3679 947 3734 emendavi.
984 3680 1129 3736 Postremo
1148 3681 1216 3750 quid
1235 3697 1293 3738 esse
1312 3682 1383 3739 illud
1401 3684 1478 3741 ‹lica-

335 3790 409 3838 mus,
433 3771 507 3842 quod
530 3768 677 3841 neglectae
695 3767 844 3839 positionis
863 3767 1022 3838 exemplum
1041 3769 1250 3840 Kampmauuus
1269 3770 1323 3827 sibi
1341 3771 1479 3829 visus‘eet

336 3861 422 3918 etiam
441 3860 521 3931 Oapt
540 3861 574 3930 ΙΙ,
593 3865 618 3928 2,
637 3863 672 3914 84
690 3855 910 3928 deprehendere,
929 3857 978 3926 qni
996 3874 1092 3913 sersus
1110 3857 1146 3912 ab
1166 3857 1220 3912 Sisi
1237 3859 1262 3913 s's
1277 3861 1421 3928 paudum
1438 3861 1480 3915 in·

267 4005 270 4010 .
335 3950 406 4022 cipit
423 3948 515 4020 (quasi
533 3948 558 4004 si
575 3963 627 4003 uos
645 3947 778 4017 siquidm
796 3947 821 3999 is
839 3945 895 3999 aon
912 3961 973 3999 sam
992 3945 1097 4026 e'Trin.
1108 3952 1160 4002 978
1178 3949 1308 4004 nummus
1321 3950 1354 4004 ut
1367 3948 1476 4020 aliquid

335 4039 462 4096 inusitati
477 4039 611 4106 habens)?
629 4035 754 4104 itemque
767 4033 802 4103 H,
813 4039 838 4102 8,
849 4039 882 4088 66
901 4033 982 4089 initio
1001 4033 1041 4088 Id
1058 4031 1092 4088 sit
1108 4037 1182 4090 scida
1200 4037 1297 4092 Iouem
1314 4053 1478 4108 mprcsuam,

336 4130 410 4199 quod
428 4146 485 4185 nou
503 4129 546 4184 est
563 4125 642 4182 laudi
659 4123 752 4195 potius
770 4122 801 4177 iu
820 4103 859 4177 ld
876 4123 920 4176 sti
936 4124 1009 4178 scias
1026 4125 1160 4194 mutasse,
1179 4142 1263 4194 quam
1280 4141 1337 4181 nou
1354 4115 1478 4182 mutasse

236 4271 240 4278 .
335 4217 496 4290 opprobrio.
512 4248 543 4257 -
564 4215 641 4270 Haeo
659 4214 752 4268 autem
771 4212 845 4279 sunt,
864 4206 888 4264 si
907 4213 982 4266 reete
1001 4229 1051 4268 sea
1068 4228 1200 4282 pervorse
1218 4213 1307 4268 allata
1326 4216 1399 4283 sunt,
1418 4215 1477 4284 qui-

335 4307 388 4361 bus
415 4306 561 4378 neglectae
589 4299 736 4374 positionis
762 4298 906 4354 licentiam
929 4298 1030 4356 Plauto
1055 4301 1124 4356 satis
1150 4317 1212 4357 esse
1233 4302 1406 4359 vindicatam
1429 4303 1478 4358 ille

336 4396 451 4451 censuit

425 4481 449 4551 *)
469 4481 522 4553 [Oi.
542 4481 635 4536 'irim²
653 4478 760 4549 annot]
