3318 5072
307 346 372 412 502
466 321 469 324 .
595 361 858 410 66666666666
883 361 929 408 66
952 361 1162 410 6666666666

306 506 620 590 p.cuxxx111[423]
645 508 677 568 66
701 521 830 570 ccxxix
847 501 966 588 [“463]).
989 504 1063 570 316.
1086 505 1161 570 366.
1183 504 1257 569 630.
1281 505 1354 570 696.
1380 506 1452 570 716.

309 614 389 698 888,
412 613 490 678 item
514 610 631 676 Bacch.
654 611 707 676 35.
731 611 804 676 375.
830 611 903 676 685.
928 611 991 675 699
1018 612 1083 692 [66.
1107 610 1181 674 408.
1207 611 1280 676 722.
1305 612 1398 694 7361:

415 729 422 750 Ι

396 754 514 819 Vtrum
539 755 627 819 itane
651 775 721 819 6666
746 752 1045 836 61666116616666
1069 752 1196 818 animus
1220 773 1355 838 aequom
1379 758 1451 821 666-

1162 864 1241 924 6666.

397 968 447 1032 Ν6
471 967 717 1054 aegritudinem,
740 971 842 1052 pater,
865 969 921 1032 libi
944 969 1102 1052 parerem,
1126 967 1215 1051 parsi
1239 967 1359 1033 se‘dulo.

157 1101 307 1141 cccxxvn
398 1072 495 1139 Vitae
515 1073 662 1160 agundae
682 1096 752 1140 csse
771 1075 906 1158 expetit:
930 1039 1047 1140 6661166
1070 1075 1243 1140 admodum
1267 1075 1453 1140 adulescen-

1164 1181 1276 1247 tulust.

399 1288 491 1365 Qudd
515 1293 565 1354 666
587 1289 799 1373 facillumum,
822 1289 914 1354 facis.
960 1289 1044 1369 Quid
1064 1289 1100 1354 id
1121 1289 1192 1354 e‘st?
1233 1287 1349 1354 Amico
1372 1288 1454 1354 iniri·

1162 1395 1254 1460 riam.

275 1531 276 1539 ¹
399 1502 512 1587 Neque
536 1502 612 1567 uolo
635 1523 740 1587 neque
763 1503 895 1586 pdstulo
919 1523 1013 1584 ucqttc
1035 1505 1163 1568 censeo:
1187 1507 1299 1567 uerum
1323 1506 1441 1566 tamen.

400 1607 456 1674 Sin
481 1609 577 1673 aliter
599 1609 762 1673 animatus
786 1631 830 1690 es,
852 1609 925 1674 16666
946 1609 1031 1694 qudd
1056 1628 1135 1693 agas
1159 1610 1289 1673 eueniat
1311 1609 1382 1674 tibi.

400 1695 462 1778 list
485 1715 699 1780 minusculum
725 1716 871 1800 alterum,
894 1717 985 1798 quusi
1008 1717 1171 1781 ue‘sculum
1196 1715 1365 1781 61666666.

400 1821 573 1888 Pe'netrare
601 1822 787 1888 huiusmodi
815 1821 848 1888 in
877 1824 1091 1908 palaestram,
1122 1824 1176 1889 aba·
1203 1823 1331 1888 damnis
1360 1821 1452 1886 desu-

1163 1930 1316 1995 descitur.

400 2035 558 2119 Perdidit,
580 2036 802 2120 pessumdedit
824 2037 880 2101 lati
903 2035 1012 2102 filium
1036 2037 1128 2103 unice
1151 2038 1292 2102 unicum.

399 2141 514 2207 Ne'scis
538 2143 614 2227 quid
639 2163 699 2227 ego
723 2147 853 2208 acturus
877 2143 948 2227 sim,
970 2164 1065 2226 acch
1082 2143 1207 2208 facinus
1228 2145 1385 2228 quantum
1406 2165 1457 2207 ex·

1165 2249 1282 2315 drdiar.

400 2356 484 2433 Quia
507 2356 568 2420 tibi
592 2379 707 2420 aurum
730 2355 852 2420 reddidi
877 2357 1006 2438 etquid
1028 2359 1093 2422 666
1118 2361 1150 2420 66
1174 2355 1442 2440 defraudauerim,

311 2522 375 2584 quo
408 2519 502 2563 versu
535 2520 686 2563 caesurae
719 2502 795 2583 post
828 2501 976 2583 quartam
1009 2499 1108 2563 arsim
1143 2499 1333 2563 statuendae
1362 2499 1455 2564 elisio

311 2606 440 2690 quidem
464 2627 529 2685 666
554 2604 659 2689 magis
683 2604 795 2669 obstat
818 2627 915 2690 quam
939 2605 1107 2688 legitimae
1126 2609 1202 2689 post
1219 2610 1371 2690 quartum
1391 2608 1454 2671 tro-

311 2714 446 2778 chaeum
469 2732 622 2776 caesurae
646 2711 691 2775 eis
715 2734 797 2795 quae
820 2735 919 2796 supra
941 2712 1036 2794 posui
1060 2710 1229 2796 exemplis:
1252 2714 1328 2794 quatu
1347 2717 1454 2776 autem

311 2818 493 2884 necessario
521 2841 594 2882 cum
623 2817 671 2881 eis
700 2839 781 2902 quae
810 2821 989 2902 sequuntur
1012 2821 1063 2882 est
1086 2817 1295 2902 iungendum.
1340 2819 1380 2884 In
1403 2843 1453 2884 eo·

311 2926 445 2990 rundem
465 2946 635 2989 numerum
655 2924 768 2988 referri
788 2929 935 3008 possunt,
956 2924 991 2988 in
1011 2925 1127 3009 quibus
1147 2924 1279 2990 dubium
1299 2929 1349 2990 est
1369 2927 1454 3010 syni-

312 3033 409 3098 zesim
432 3052 533 3096 necue
556 3029 715 3114 recipiant
736 3053 804 3096 cuna
826 3053 863 3094 ca
885 3029 1021 3114 formae,
1045 3030 1133 3095 Trin.
1152 3053 1180 3098 v.
1196 3033 1270 3096 388.
1286 3033 1359 3098 652.
1373 3033 1451 3098 974:

401 3173 542 3238 Grauius
575 3176 667 3237 tuum
701 3173 763 3238 erit
794 3179 894 3239 dnum
929 3175 1063 3238 uerbum
1092 3175 1135 3240 nd
1160 3177 1229 3240 6666
1259 3197 1328 3240 rem
1357 3197 1455 3260 quam

536 3289 539 3296 “
783 3283 912 3344 centum
936 3277 1017 3345 mea.

402 3369 510 3471 litque
539 3387 637 3450 istum
666 3407 726 3470 ego
756 3405 870 3470 agrum
899 3385 964 3452 tibi
987 3388 1126 3473 relinqui
1150 3389 1185 3452 ob
1207 3389 1276 3453 esim
1299 3410 1367 3454 rem
1390 3389 1455 3454 ianr

785 3495 876 3558 enixe
903 3497 980 3576 [rem
1004 3496 1114 3560 deniae
1137 3493 1251 3577 Γ16161]
1278 3497 1402 3579 e‘xpeto.

401 3598 508 3665 Nimis
532 3605 646 3686 argute
671 3621 721 3665 me
745 3600 919 3686 dbrepsieti
944 3603 978 3665 lu
1002 3603 1094 3686 capse
1119 3602 1353 3667 occasiuncula.

313 3741 426 3826 Neque
449 3741 490 3806 ab
514 3742 574 3806 hac
598 3742 725 3825 quidem
749 3747 843 3826 parte
866 3744 1037 3828 quicquam
1061 3743 1250 3807 offensionis
1273 3766 1302 3808 v.
1313 3745 1378 3810 679
1402 3745 1455 3808 ha·

314 3849 440 3914 biturus
464 3853 546 3916 erat:

403 3991 510 4057 Facile
529 3993 709 4058 inuentust:
728 3968 824 4058 datur
842 3994 937 4078 ignis,
949 3995 1120 4076 ‚nemausi
1141 3993 1182 4056 ab
1202 3992 1334 4058 inimicd
1353 3997 1456 4078 petas,

313 4157 408 4219 quem
441 4133 538 4219 longe
571 4135 669 4200 aliam
700 4136 743 4200 cb
773 4157 921 4201 caussam
953 4135 1122 4221 displicere
1151 4159 1249 4220 supra
1277 4136 1455 4222 significavi

313 4264 343 4323 p.
368 4257 550 4306 ccxxxvm
575 4242 679 4324 [4701.
726 4241 787 4306 Sed
818 4243 975 4327 quaedam
1005 4265 1081 4307 sane
1111 4243 1258 4326 exempla
1286 4243 1455 4308 fatendum

154 4368 315 4410 cccxxviii
326 4351 376 4410 666
398 4348 445 4412 ita
468 4353 657 4432 comparata
684 4370 755 4413 esse
782 4353 819 4413 66
847 4349 950 4413 thesis
979 4349 1140 4433 dactylica
1167 4371 1233 4414 666
1261 4350 1367 4432 possit
1389 4349 1457 4413 ullo

315 4451 410 4516 modo
440 4453 481 4518 ab
510 4455 555 4518 eis
585 4477 666 4540 quae
694 4453 893 4539 praecedunt
920 4455 1037 4520 divelli.
1083 4455 1253 4521 Eiusmodi
1277 4454 1358 4520 haec
1381 4461 1457 4520 sunt
