3318 5072
650 403 694 450 au
718 403 920 452 rsonnsrus.
1294 384 1359 452 569

216 543 250 609 in
279 544 514 628 perscrutanda
543 545 671 612 articuli
701 545 878 631 positione,
914 545 945 612 vi
975 549 1008 611 et
1038 569 1097 612 usu
1126 551 1195 612 tum
1226 569 1359 612 casuum

214 654 284 715 tum
308 650 491 736 modorum,
519 653 798 738 praepositionum
821 652 1116 738 particularumque
1139 657 1303 738 potestate
1327 656 1360 718 et

215 779 297 842 quae
320 761 397 823 sunt
417 759 561 845 reliquae
584 759 754 826 struendae
778 759 935 826 orationis
958 763 1082 845 partes,
1106 764 1139 826 et
1162 765 1303 826 mentem
1326 764 1359 826 et

214 865 405 932 memoriam
433 870 613 932 exerceant.
659 865 780 934 Verum
807 865 990 951 parcissimi
1018 865 1139 932 fuimus
1162 867 1196 932 in
1219 865 1260 932 iis
1283 869 1358 932 affe·

216 970 332 1055 tendis,
356 995 494 1058 quorum
516 974 585 1040 fere
608 975 760 1040 subtilior
784 974 970 1041 aestimatio
994 977 1044 1040 est
1067 978 1100 1040 et
1122 973 1357 1058 discipulorum

214 1081 346 1164 captum
374 1101 543 1165 superans,
570 1085 607 1146 ut
635 1081 663 1146 si
690 1103 773 1167 quae
801 1081 842 1146 ad
865 1079 1018 1166 loquendi
1042 1103 1135 1146 usum
1158 1081 1359 1165 pertinerent

216 1187 450 1273 verborumque
469 1187 717 1272 elgnificationis
738 1188 937 1254 discrimina:
961 1187 999 1252 de
1019 1187 1136 1272 quibus
1156 1191 1284 1254 tantum
1305 1187 1357 1252 ad·
1372 1203 1432 1243 V111

216 1293 359 1380 iacimus,
383 1296 548 1380 quantum,
576 1297 612 1359 ut
634 1295 785 1360 stimulus
809 1294 1009 1361 discentibus
1033 1293 1212 1380 adderetur,
1235 1293 1357 1360 videre-

214 1405 268 1465 tur
291 1401 371 1468 satis
395 1423 477 1466 esse.
497 1438 537 1446 —
562 1399 711 1467 Ceterum
735 1401 869 1466 minime
893 1402 1069 1466 cavendam
1093 1401 1243 1467 duximus
1263 1401 1357 1466 unius

212 1507 418 1594 eiusdemque
451 1507 675 1574 annotationis
709 1507 930 1592 iterationem,
962 1529 1060 1592 quarn
1090 1507 1241 1574 consulto
1275 1508 1357 1574 adeo

212 1614 411 1698 admisimus,
433 1619 505 1680 tum
528 1614 755 1699 quod‘certam
774 1615 807 1680 in
827 1615 1025 1682 scholastica
1043 1613 1250 1682 institutione
1270 1615 1357 1681 utili-

215 1723 317 1786 tatem
341 1720 513 1786 earundem
537 1741 643 1786 rerum
667 1721 717 1786 vel
742 1723 856 1788 crebra
877 1722 1029 1808 repetitio
1053 1720 1163 1806 habet,
1185 1724 1255 1786 tum
1279 1743 1354 1806 quo·

214 1828 304 1893 niam
328 1851 401 1896 raro
425 1833 483 1894 aut
504 1851 681 1914 numquam
705 1830 746 1894 ab
770 1829 887 1895 iisdem
910 1829 1076 1914 discipulis
1100 1827 1264 1894 Anabasis
1286 1850 1357 1914 per-

214 1937 375 2002 tractatur
396 1936 534 2022 integra,
557 1937 614 2002 sed
637 1959 657 2002 a
679 1936 819 2022 singulis
843 1936 990 2022 singulae
1014 1935 1080 2002 iere
1104 1939 1222 2020 partes.

300 2042 474 2108 Praeterea
492 2045 525 2108 et
542 2065 628 2110 nors
645 2043 898 2126 conscripsimus
917 2044 1060 2128 capitum
1079 2041 1265 2126 summaria,
1287 2064 1356 2108 ver-

212 2149 262 2214 bis
291 2151 324 2214 et
351 2150 523 2216 sententiis
551 2150 663 2236 paullo
687 2147 949 2216 Schneiderianis
972 2149 1102 2234 aptiora
1125 2172 1162 2214 ac
1184 2150 1356 2234 pressiora,

211 2257 244 2320 et
276 2275 352 2320 vero
385 2254 508 2322 Graeca
540 2257 708 2341 scriptoris
742 2257 842 2322 verba
873 2255 1017 2324 studiose
1047 2255 1286 2323 elaboravimus
1318 2260 1356 2321 ut

211 2384 309 2446 quam
332 2366 467 2446 possent
492 2364 756 2430 emendatissima
778 2364 958 2430 ederentur.
1003 2363 1074 2441 Quo
1097 2363 1131 2429 in
1154 2381 1269 2450 genere
1293 2363 1355 2430 etsi

210 2491 227 2533 e
251 2472 364 2535 nostro
392 2491 451 2534 nec
479 2470 564 2536 alius
585 2470 777 2556 cuiusquam
801 2469 917 2536 iudicio
940 2470 1151 2558 pependimus
1174 2492 1355 2556 usquequa·

211 2599 281 2660 que,
303 2579 414 2643 tamen
436 2578 625 2662 plerumque
649 2577 869 2645 intelleximus
889 2579 1084 2664 sequendam
1108 2599 1178 2644 esse
1198 2577 1354 2645 Ludovici

209 2682 369 2749 Dindorlii
388 2684 620 2751 recensionem:
643 2685 694 2750 cui
712 2686 785 2770 plus
806 2685 901 2751 debet
920 2685 1080 2752 Anabasis
1099 2685 1354 2770 Xenophonteae

210 2790 395 2859 emendatio
419 2815 516 2877 quam
540 2793 704 2877 prioribus
728 2791 908 2860 editoribus
937 2793 1069 2859 cunctis.
1107 2791 1199 2868 Quod
1223 2791 1351 2876 quidem

209 2918 274 2960 non
297 2899 348 2961 est
370 2898 467 2964 huius
489 2899 553 2964 loci
575 2899 706 2964 uberius
730 2900 886 2985 persequi.

299 3001 461 3090 Scriptum
483 3005 577 3072 Halis
601 3005 766 3072 Saxonum
789 3031 831 3074 m.
855 3007 942 3074 Maio
966 3030 994 3074 a.
1018 3022 1299 3074 crolccccxxxm.

609 3543 661 3608 Zu
689 3540 955 3629 leolrrates.*)
1079 3499 1083 3505 =
1140 3569 1143 3576 ·

296 3660 335 3726 In
368 3662 424 3728 der
453 3663 542 3730 Rode
576 3668 615 3732 de
645 3689 723 3752 pace
754 3672 774 3750 ξ
799 3671 818 3734 8
849 3669 929 3734 wird
959 3668 1034 3734 kein
1064 3667 1350 3751 Interpretations-
1365 3691 1405 3731 eso

208 3767 402 3835 kunststdclr
424 3769 475 3836 die
500 3773 728 3840 iiberlielerten
744 3773 859 3840 Worte
882 3775 916 3839 in
930 3773 1272 3857 Uebereinstimmung
1292 3773 1353 3838 mit

207 3876 477 3960 grammatischer
494 3878 598 3965 Logilr
622 3881 772 3967 bringen:
796 3884 855 3962 χρὴ
875 3883 911 3946 δὲ
930 3883 1005 3948 τοὺ(
1025 3886 1105 3948 νοῦν
1123 3881 1259 3959 ἔχοντα(
1279 3881 1351 3958 περὶ

207 3983 265 4060 μὲν
293 3981 340 4048 ὧν
367 3983 446 4050 Ituci
474 3988 514 4066 μὴ
540 3989 744 4068 βουλεύεεθαι
767 3988 953 4071 (περίεργον
975 3989 1065 4070 γάρ),
1094 3987 1178 4052 ἀλλὰ
1201 3985 1352 4065 πράττειν
1454 4025 1462 4036 ·

207 4089 252 4154 ὡ(
276 4091 445 4172 ἐγνώκαει,
469 4094 542 4172 περὶ
565 4091 612 4159 ὧν
635 4093 664 4158 b'
686 4095 727 4160 ἂν
752 4095 981 4175 βουλεύωνται,
1005 4096 1045 4174 μὴ
1069 4093 1210 4172 νομίζειν
1233 4093 1351 4158 εἰδέναι

207 4197 245 4261 τὸ
270 4197 515 4278 (υμβηεόμενον,
539 4199 610 4264 ἀλλ’
633 4199 677 4264 ὼε
701 4201 777 4285 δόξῃ
801 4203 859 4279 μὲν
883 4201 1081 4281 χρωμένους,
1105 4199 1168 4280 itu
1190 4198 1235 4264 ἂν
1257 4198 1350 4281 τύχῃ

206 4305 246 4367 δὲ
277 4305 552 4387 γενηεόμενον,
584 4307 670 4372 οὕτω
702 4312 896 4374 trevericum
927 4308 999 4386 περὶ
1030 4307 1146 4370 αὐτῶν.
1198 4305 1350 4372 Offenbar

206 4447 418 4458 —-.-—.—..

296 4517 322 4584 *)
342 4517 451 4584 [Rhein
471 4518 599 4574 IInseuun
617 4517 662 4574 fur
679 4517 782 4576 Philol
801 4517 852 4574 Bd.
871 4517 962 4574 xxm
980 4519 1075 4590 (1868)
1093 4536 1119 4590 p.
1140 4516 1233 4587 beot]
