3302 5076
278 417 342 482 652
654 432 890 481 nrrnuuscrm
914 433 1042 480 annun.

277 598 345 642 non
372 583 450 642 sane
479 575 586 642 solent
608 576 676 642 sine
699 575 767 640 ulla
790 575 1030 641 intermissione
1054 575 1092 638 de
1116 575 1176 640 deo
1200 575 1358 661 cogitare,
1385 576 1418 641 id

278 682 363 767 quod
391 681 446 746 ille
474 703 515 745 ne
542 683 690 765 postulat
717 680 859 767 quidem:
893 681 1035 766 itemque
1060 682 1164 746 altera
1185 703 1223 746 ex
1247 685 1340 766 parte
1364 683 1419 768 qui

277 790 357 856 illud
380 791 501 874 ipsum,
528 792 571 854 ut
593 789 688 854 deum
712 792 882 873 quaerant,
910 791 1060 872 spectant
1083 791 1115 852 et
1137 788 1330 874 moliuntur,
1352 811 1419 855 non

277 897 340 961 nisi
363 919 421 980 per
444 894 572 960 easdem
596 894 655 960 has
680 895 844 981 ambages,
866 896 901 961 in
924 895 1041 981 quibus
1065 917 1137 960 eum
1156 896 1324 979 voluptate
1346 895 1419 960 reli-

278 1024 359 1088 quae
387 1003 515 1068 litterae
543 1005 724 1086 morantur,
756 1002 788 1066 id
817 1002 903 1086 quod
925 1003 1040 1067 volunt
1069 1006 1298 1086 assequuntur,
1331 1007 1420 1068 reeta

278 1109 355 1174 illuc
378 1107 545 1194 pervenire
574 1109 705 1174 omnino
728 1112 900 1194 nequeunt
945 1107 1030 1173 Hinc
1054 1112 1092 1173 ut
1114 1109 1155 1172 ad
1178 1129 1233 1173 eas
1257 1111 1344 1174 artes
1367 1109 1419 1174 do·

278 1217 405 1281 flectam
434 1217 629 1300 orationem,
662 1238 798 1300 quarum
826 1238 925 1299 opera
952 1217 1012 1281 sub
1044 1238 1156 1280 sensus
1180 1216 1312 1299 cadunt,
1344 1216 1420 1301 quid

277 1323 520 1407 potestatibus
545 1345 614 1388 csse
637 1324 678 1388 ad
701 1323 904 1408 singularum
924 1323 989 1388 rim
1013 1326 1046 1387 et
1068 1324 1147 1388 fines
1172 1323 1421 1408 cognoscendos,

279 1452 375 1513 quam
399 1429 535 1515 diligens
559 1452 669 1495 earum
693 1430 914 1515 comparatio?
948 1428 1071 1495 Contra
1090 1451 1201 1515 sapere
1222 1451 1263 1493 an
1281 1430 1419 1514 ineptire

278 1536 435 1619 dicemus,
463 1536 490 1601 si
514 1537 569 1620 qui
592 1536 643 1602 vel
671 1537 816 1621 picturae
840 1537 1010 1621 musicam,
1039 1537 1089 1602 vel
1113 1535 1255 1602 musicae
1280 1536 1420 1621 sculptu-

279 1665 349 1706 ram
382 1643 477 1728 longe
511 1643 770 1729 anteponendam
802 1644 947 1709 iactent?
979 1645 1030 1708 vel
1063 1643 1091 1708 si
1123 1665 1205 1728 quae
1235 1664 1308 1707 cum
1339 1642 1420 1728 fingi

278 1753 416 1834 possunt
435 1749 555 1815 similia
573 1754 643 1815 tum
663 1751 825 1815 communi
844 1773 904 1815 usu
928 1751 1014 1816 vitae
1038 1750 1236 1816 cottidianae
1259 1751 1420 1816 eveniunt.

281 1857 403 1935 Quodsi
428 1856 596 1946 aliquanto
621 1858 720 1923 etism
742 1858 842 1923 latius
866 1857 1095 1943 exspatiemur,
1118 1857 1195 1944 quid
1214 1860 1264 1922 est
1281 1857 1422 1941 tandem,

280 1985 343 2049 quo
362 1964 482 2029 rectius
507 1985 604 2050 quam
627 1965 706 2029 olim
730 1965 769 2029 de
793 1965 865 2050 ipsa
888 1965 979 2050 poesi
1001 1965 1103 2050 deque
1126 1965 1244 2030 veteris
1266 1965 1420 2030 recentis-

279 2093 341 2154 que
370 2071 544 2137 memoriae
567 2071 673 2156 poetis
697 2093 769 2137 cnm
800 2073 917 2137 exteris
947 2075 1017 2136 tum
1046 2072 1247 2138 nostratibus
1279 2071 1420 2136 iudicare

279 2176 472 2242 didicimus?
517 2175 609 2242 Nihil
637 2178 782 2263 profecto
811 2178 911 2262 aliud,
940 2179 1005 2243 nisi
1033 2177 1118 2262 quod
1140 2199 1241 2263 pravo
1265 2178 1314 2242 uti
1336 2199 1420 2243 eom·

279 2285 415 2368 parandi
439 2285 546 2351 studio
571 2285 789 2351 dedidioimus.
830 2283 907 2350 Fuit
929 2285 1015 2350 enim
1037 2284 1070 2350 id
1092 2287 1219 2368 tempus
1244 2285 1332 2368 olim,
1357 2305 1419 2368 quo

281 2413 360 2455 suae
384 2391 589 2475 potissimum
613 2391 868 2475 consuetudinis,
902 2415 1032 2458 suarum
1056 2392 1258 2477 opinionum,
1289 2412 1420 2456 suorum

280 2501 313 2560 et
344 2520 469 2564 morum
501 2503 535 2562 et
564 2499 784 2583 exemplorum
818 2500 1006 2583 angustiore
1038 2503 1072 2563 et
1104 2498 1238 2564 exiliore
1270 2519 1421 2562 mensura

280 2603 362 2667 nihil
387 2603 534 2688 singulae
556 2605 703 2671 cultioris
727 2605 877 2691 Europae
900 2609 1013 2691 gentes
1035 2628 1101 2670 nou
1125 2606 1328 2670 metirentur:
1357 2625 1420 2688 qno

280 2730 353 2773 cum
374 2731 431 2774 suo
450 2710 594 2794 ipsarum
614 2731 732 2797 genere
752 2713 918 2797 quidlibet,
938 2713 1147 2798 quantumvis
1167 2711 1296 2776 diversa
1314 2733 1421 2775 rerum

280 2817 425 2884 omnium
444 2819 633 2884 condicione
652 2824 765 2886 natum
784 2819 956 2904 factumve,
980 2820 1135 2904 conferre,
1152 2818 1236 2883 nihil
1253 2818 1317 2882 nisi
1336 2817 1421 2902 quod

280 2923 415 2989 eandem
439 2947 586 2991 normam
611 2931 806 3011 sequeretur,
829 2927 982 3012 tolerare,
1004 2926 1123 2991 nedum
1147 2925 1298 3009 probare,
1321 2945 1421 3007 penes

281 3052 315 3095 se
343 3032 466 3096 scilicet
492 3034 630 3116 fontem,
663 3033 827 3118 exemplar
855 3038 889 3098 et
917 3033 1142 3098 auctoritatem
1169 3031 1274 3115 pulcri
1302 3031 1421 3096 restire

281 3159 409 3202 omnem
437 3160 508 3203 esse
532 3139 667 3225 gloriari
691 3139 942 3204 consuevissent.
988 3139 1058 3215 Quo
1082 3139 1116 3202 in
1140 3159 1258 3222 genere
1282 3137 1420 3222 insignis

280 3250 410 3330 praeter
433 3250 554 3312 ceteras
574 3247 680 3312 vicina
698 3247 791 3312 nobis
810 3267 890 3332 gens
903 3245 1189 3331 Fraueogsllorum
1209 3244 1280 3328 fuit,
1303 3265 1422 3329 magna

281 3353 409 3436 quidem
432 3353 467 3417 in
491 3373 607 3437 genere
631 3354 765 3438 pusillo:
794 3376 852 3419 nec
876 3353 974 3418 mirer
997 3353 1024 3417 si
1047 3353 1103 3438 qui
1126 3352 1309 3417 etiamnunc
1332 3371 1421 3436 mag-

280 3481 356 3523 nam
380 3459 538 3525 dictitent.
570 3460 670 3546 Atqui
693 3447 777 3526 harto
801 3481 912 3526 omnes
935 3481 1020 3526 nunc
1043 3459 1249 3524 consentiunt
1272 3479 1420 3523 caussam

281 3565 395 3649 fuisse,
423 3588 480 3631 cur
507 3589 565 3632 neo
589 3568 657 3632 sine
681 3567 789 3633 studio
814 3573 938 3633 veteres
962 3571 1088 3653 poetas,
1118 3565 1259 3632 Graecos
1283 3565 1421 3631 maxime

281 3669 377 3757 (quos
406 3674 494 3756 ipsos
523 3679 556 3739 et
583 3675 631 3740 illi
659 3698 732 3740 oum
760 3677 847 3741 solos
876 3697 946 3740 csso
974 3673 1149 3739 imitandos
1177 3677 1248 3737 tum
1272 3695 1306 3738 se
1329 3672 1421 3737 nimi-

281 3801 352 3844 rum
381 3784 546 3847 assecutos
575 3803 645 3847 esse
674 3783 932 3866 arbitrabantur,
965 3785 998 3846 et
1019 3802 1078 3846 nos
1102 3784 1252 3846 aeternos
1275 3779 1421 3845 humani·

281 3887 358 3951 tatis
387 3888 560 3974 magistros
589 3889 809 3976 veneramur),
840 3911 900 3954 nec
928 3889 996 3954 sine
1020 3889 1069 3952 ira
1091 3887 1279 3953 recentioris
1303 3886 1421 3952 aetatis

280 3994 443 4080 principes
466 3999 579 4078 poetas
604 3995 775 4059 aestimare
799 3995 957 4060 valerent:
981 3995 1070 4059 euius
1094 3995 1141 4059 rei
1165 3992 1420 4059 luculentissimo

280 4101 471 4167 documento
500 4101 609 4186 poesis
637 4102 783 4168 scaenica
806 4100 1037 4166 Britannorum
1065 4104 1186 4185 exstat,
1219 4103 1252 4164 ot
1275 4099 1422 4164 diversis·

281 4208 363 4273 sima
391 4211 424 4272 et
450 4209 697 4293 perversissima
725 4208 842 4273 iudicia
870 4213 1003 4292 experts
1030 4209 1147 4294 diuque
1165 4209 1267 4273 'miris
1298 4205 1421 4292 ingenii

281 4315 494 4380 semibarbari
527 4316 688 4402 portentis
726 4319 847 4380 scatere
880 4316 957 4382 visa.
1013 4317 1102 4402 Ergo
1137 4315 1243 4400 gratia
1273 4313 1423 4380 habenda

282 4443 392 4485 eorum
420 4422 563 4487 virorum
587 4422 842 4507 intellegentiae,
874 4423 947 4508 qui,
978 4421 1080 4487 divini
1103 4421 1227 4506 ingenii
1251 4420 1422 4486 Gocthiani

283 4527 553 4610 perspicacissimi
595 4529 801 4614 interpretes,
843 4532 991 4597 excutere
1032 4550 1091 4596 nos
1133 4527 1424 4614 praeiudicatamm
