<?xml version="1.0" encoding="UTF-8"?>
<!DOCTYPE html PUBLIC "-//W3C//DTD XHTML 1.0 Transitional//EN"
    "http://www.w3.org/TR/xhtml1/DTD/xhtml1-transitional.dtd">
<html xmlns="http://www.w3.org/1999/xhtml" xml:lang="en" lang="en">
 <head>
  <title>
</title>
<meta http-equiv="Content-Type" content="text/html;charset=utf-8" />
  <meta name='ocr-system' content='tesseract 3.04.00' />
  <meta name='ocr-capabilities' content='ocr_page ocr_carea ocr_par ocr_line ocrx_word'/>
</head>
<body>
  <div class='ocr_page' id='page_1' title='image "./fridericiritsch07wachgoog_0101.png"; bbox 0 0 3316 5070; ppageno 0'>
   <div class='ocr_carea' id='block_1_1' title="bbox 318 387 1141 453">
    <p class='ocr_par' dir='ltr' id='par_1_1' title="bbox 318 387 1141 453">
     <span class='ocr_line' id='line_1_1' title="bbox 318 387 1141 453; baseline -0.004 0"><span class='ocrx_word' id='word_1_1' title='bbox 318 387 361 453; x_wconf 88' lang='grc'><strong>84</strong></span> <span class='ocrx_word' id='word_1_2' title='bbox 633 403 714 452; x_wconf 79' lang='lat' dir='ltr'><strong>vum</strong></span> <span class='ocrx_word' id='word_1_3' title='bbox 738 400 885 452; x_wconf 74' lang='lat' dir='ltr'><strong>werten</strong></span> <span class='ocrx_word' id='word_1_4' title='bbox 909 401 972 451; x_wconf 76' lang='lat' dir='ltr'><strong>ses</strong></span> <span class='ocrx_word' id='word_1_5' title='bbox 996 403 1141 452; x_wconf 71' lang='lat' dir='ltr'><strong>nocuus</strong></span> 
     </span>
    </p>
   </div>
   <div class='ocr_carea' id='block_1_2' title="bbox 313 543 1292 3729">
    <p class='ocr_par' dir='ltr' id='par_1_2' title="bbox 316 543 1048 706">
     <span class='ocr_line' id='line_1_2' title="bbox 316 543 1048 616; baseline 0 -16"><span class='ocrx_word' id='word_1_6' title='bbox 316 546 469 616; x_wconf 84' lang='lat' dir='ltr'><strong>Aspeetum</strong></span> <span class='ocrx_word' id='word_1_7' title='bbox 487 544 589 601; x_wconf 84' lang='lat' dir='ltr'><strong>metuit</strong></span> <span class='ocrx_word' id='word_1_8' title='bbox 606 544 695 601; x_wconf 80' lang='lat' dir='ltr'><strong>vitem</strong></span> <span class='ocrx_word' id='word_1_9' title='bbox 714 543 773 601; x_wconf 84' lang='lat' dir='ltr'><strong>sine</strong></span> <span class='ocrx_word' id='word_1_10' title='bbox 792 543 909 600; x_wconf 85' lang='lat' dir='ltr'><strong>erimine</strong></span> <span class='ocrx_word' id='word_1_11' title='bbox 928 543 1048 615; x_wconf 81' lang='lat' dir='ltr'><strong>egentis,</strong></span> 
     </span>
     <span class='ocr_line' id='line_1_3' title="bbox 388 634 785 706; baseline 0.003 -17"><span class='ocrx_word' id='word_1_12' title='bbox 388 634 426 690; x_wconf 88' lang='lat' dir='ltr'><strong>Vt</strong></span> <span class='ocrx_word' id='word_1_13' title='bbox 443 635 545 706; x_wconf 76' lang='lat' dir='ltr'><strong>glensa</strong></span> <span class='ocrx_word' id='word_1_14' title='bbox 562 635 651 690; x_wconf 90' lang='lat' dir='ltr'><strong>solem</strong></span> <span class='ocrx_word' id='word_1_15' title='bbox 668 635 785 690; x_wconf 84' lang='lat' dir='ltr'><strong>noetus.¹</strong></span> 
     </span>
    </p>

    <p class='ocr_par' dir='ltr' id='par_1_3' title="bbox 318 721 1049 884">
     <span class='ocr_line' id='line_1_4' title="bbox 318 721 1049 794; baseline -0.001 -15"><span class='ocrx_word' id='word_1_16' title='bbox 318 723 418 779; x_wconf 79' lang='lat' dir='ltr'><strong>Talem</strong></span> <span class='ocrx_word' id='word_1_17' title='bbox 436 724 529 792; x_wconf 86' lang='lat' dir='ltr'><strong>(erede</strong></span> <span class='ocrx_word' id='word_1_18' title='bbox 548 721 631 794; x_wconf 90' lang='lat' dir='ltr'><strong>mihi)</strong></span> <span class='ocrx_word' id='word_1_19' title='bbox 650 741 714 778; x_wconf 86' lang='lat' dir='ltr'><strong>eum</strong></span> <span class='ocrx_word' id='word_1_20' title='bbox 732 725 763 779; x_wconf 89' lang='lat' dir='ltr'><strong>tu</strong></span> <span class='ocrx_word' id='word_1_21' title='bbox 782 722 893 793; x_wconf 84' lang='lat' dir='ltr'><strong>petiere</strong></span> <span class='ocrx_word' id='word_1_22' title='bbox 911 723 1049 793; x_wconf 77' lang='lat' dir='ltr'><strong>serasque,</strong></span> 
     </span>
     <span class='ocr_line' id='line_1_5' title="bbox 387 812 877 884; baseline 0 -16"><span class='ocrx_word' id='word_1_23' title='bbox 387 813 454 868; x_wconf 84' lang='lat' dir='ltr'><strong>Sum</strong></span> <span class='ocrx_word' id='word_1_24' title='bbox 472 831 573 884; x_wconf 82' lang='lat' dir='ltr'><strong>pessus</strong></span> <span class='ocrx_word' id='word_1_25' title='bbox 590 812 652 882; x_wconf 85' lang='lat' dir='ltr'><strong>ipse</strong></span> <span class='ocrx_word' id='word_1_26' title='bbox 671 815 700 868; x_wconf 92' lang='lat' dir='ltr'><strong>et</strong></span> <span class='ocrx_word' id='word_1_27' title='bbox 716 829 790 867; x_wconf 87' lang='lat' dir='ltr'><strong>nune</strong></span> <span class='ocrx_word' id='word_1_28' title='bbox 808 812 877 868; x_wconf 81' lang='lat' dir='ltr'><strong>iero.</strong></span> 
     </span>
    </p>

    <p class='ocr_par' dir='ltr' id='par_1_4' title="bbox 316 900 1072 1060">
     <span class='ocr_line' id='line_1_6' title="bbox 316 900 1072 972; baseline -0.004 -16"><span class='ocrx_word' id='word_1_29' title='bbox 316 903 397 968; x_wconf 81' lang='lat' dir='ltr'><strong>Quod</strong></span> <span class='ocrx_word' id='word_1_30' title='bbox 416 902 440 957; x_wconf 86' lang='lat' dir='ltr'><strong>si</strong></span> <span class='ocrx_word' id='word_1_31' title='bbox 457 901 635 972; x_wconf 76' lang='lat' dir='ltr'>perstiterint</span> <span class='ocrx_word' id='word_1_32' title='bbox 651 918 707 957; x_wconf 88' lang='lat' dir='ltr'><strong>non</strong></span> <span class='ocrx_word' id='word_1_33' title='bbox 726 900 853 957; x_wconf 76' lang='lat' dir='ltr'><strong>desinere</strong></span> <span class='ocrx_word' id='word_1_34' title='bbox 872 917 933 957; x_wconf 90' lang='lat' dir='ltr'><strong>esse</strong></span> <span class='ocrx_word' id='word_1_35' title='bbox 951 900 1072 968; x_wconf 85' lang='lat' dir='ltr'><strong>molesti,</strong></span> 
     </span>
     <span class='ocr_line' id='line_1_7' title="bbox 385 989 776 1060; baseline -0.005 -14"><span class='ocrx_word' id='word_1_36' title='bbox 385 990 540 1060; x_wconf 86' lang='lat' dir='ltr'><strong>Vtrumque</strong></span> <span class='ocrx_word' id='word_1_37' title='bbox 559 989 776 1047; x_wconf 79' lang='lat' dir='ltr'><strong>nominabimus.</strong></span> 
     </span>
    </p>

    <p class='ocr_par' dir='ltr' id='par_1_5' title="bbox 315 1077 1032 1240">
     <span class='ocr_line' id='line_1_8' title="bbox 315 1077 1032 1150; baseline 0.003 -17"><span class='ocrx_word' id='word_1_38' title='bbox 315 1079 422 1134; x_wconf 77' lang='lat' dir='ltr'><strong>Ardent</strong></span> <span class='ocrx_word' id='word_1_39' title='bbox 439 1077 555 1146; x_wconf 84' lang='lat' dir='ltr'><strong>interes,</strong></span> <span class='ocrx_word' id='word_1_40' title='bbox 575 1083 712 1150; x_wconf 76' lang='lat' dir='ltr'><strong>quantum</strong></span> <span class='ocrx_word' id='word_1_41' title='bbox 730 1081 816 1148; x_wconf 83' lang='lat' dir='ltr'><strong>volet,</strong></span> <span class='ocrx_word' id='word_1_42' title='bbox 836 1080 937 1136; x_wconf 82' lang='lat' dir='ltr'><strong>erdsut</strong></span> <span class='ocrx_word' id='word_1_43' title='bbox 955 1082 985 1134; x_wconf 92' lang='lat' dir='ltr'><strong>et</strong></span> <span class='ocrx_word' id='word_1_44' title='bbox 1003 1097 1032 1135; x_wconf 89' lang='lat' dir='ltr'><strong>se</strong></span> 
     </span>
     <span class='ocr_line' id='line_1_9' title="bbox 386 1167 745 1240; baseline 0.011 -19"><span class='ocrx_word' id='word_1_45' title='bbox 386 1167 486 1224; x_wconf 85' lang='lat' dir='ltr'><strong>Livore</strong></span> <span class='ocrx_word' id='word_1_46' title='bbox 504 1167 583 1223; x_wconf 81' lang='lat' dir='ltr'><strong>insui</strong></span> <span class='ocrx_word' id='word_1_47' title='bbox 600 1172 745 1240; x_wconf 77' lang='lat' dir='ltr'><strong>torqueat:</strong></span> 
     </span>
    </p>

    <p class='ocr_par' dir='ltr' id='par_1_6' title="bbox 315 1255 1014 1418">
     <span class='ocr_line' id='line_1_10' title="bbox 315 1255 1014 1328; baseline 0 -16"><span class='ocrx_word' id='word_1_48' title='bbox 315 1257 375 1312; x_wconf 86' lang='lat' dir='ltr'><strong>Nos</strong></span> <span class='ocrx_word' id='word_1_49' title='bbox 393 1255 529 1312; x_wconf 78' lang='lat' dir='ltr'><strong>alimenta</strong></span> <span class='ocrx_word' id='word_1_50' title='bbox 547 1256 607 1328; x_wconf 75' lang='lat' dir='ltr'><strong>igni</strong></span> <span class='ocrx_word' id='word_1_51' title='bbox 627 1257 755 1314; x_wconf 81' lang='lat' dir='ltr'><strong>dabimus</strong></span> <span class='ocrx_word' id='word_1_52' title='bbox 774 1257 924 1315; x_wconf 84' lang='lat' dir='ltr'><strong>virtutibus</strong></span> <span class='ocrx_word' id='word_1_53' title='bbox 941 1257 1014 1327; x_wconf 87' lang='lat' dir='ltr'><strong>istis,</strong></span> 
     </span>
     <span class='ocr_line' id='line_1_11' title="bbox 386 1345 788 1418; baseline 0.007 -18"><span class='ocrx_word' id='word_1_54' title='bbox 386 1345 445 1402; x_wconf 85' lang='lat' dir='ltr'><strong>Nos</strong></span> <span class='ocrx_word' id='word_1_55' title='bbox 464 1345 558 1418; x_wconf 74' lang='lat' dir='ltr'><strong>gretie</strong></span> <span class='ocrx_word' id='word_1_56' title='bbox 576 1365 694 1416; x_wconf 80' lang='lat' dir='ltr'><strong>quarum</strong></span> <span class='ocrx_word' id='word_1_57' title='bbox 714 1347 788 1418; x_wconf 84' lang='lat' dir='ltr'><strong>fugit</strong></span> 
     </span>
    </p>

    <p class='ocr_par' dir='ltr' id='par_1_7' title="bbox 316 1434 1187 1597">
     <span class='ocr_line' id='line_1_12' title="bbox 316 1434 1187 1506; baseline -0.002 -16"><span class='ocrx_word' id='word_1_58' title='bbox 316 1434 441 1505; x_wconf 86' lang='lat' dir='ltr'><strong>Cumque</strong></span> <span class='ocrx_word' id='word_1_59' title='bbox 460 1435 545 1506; x_wconf 80' lang='lat' dir='ltr'><strong>leget,</strong></span> <span class='ocrx_word' id='word_1_60' title='bbox 563 1435 588 1492; x_wconf 91' lang='lat' dir='ltr'><strong>si</strong></span> <span class='ocrx_word' id='word_1_61' title='bbox 605 1437 678 1492; x_wconf 83' lang='lat' dir='ltr'><strong>forte</strong></span> <span class='ocrx_word' id='word_1_62' title='bbox 696 1436 773 1506; x_wconf 81' lang='lat' dir='ltr'><strong>leget</strong></span> <span class='ocrx_word' id='word_1_63' title='bbox 791 1453 863 1506; x_wconf 79' lang='lat' dir='ltr'><strong>quse</strong></span> <span class='ocrx_word' id='word_1_64' title='bbox 878 1435 1030 1492; x_wconf 86' lang='lat' dir='ltr'><strong>scribimus</strong></span> <span class='ocrx_word' id='word_1_65' title='bbox 1049 1452 1187 1504; x_wconf 80' lang='lat' dir='ltr'><strong>unquam,</strong></span> 
     </span>
     <span class='ocr_line' id='line_1_13' title="bbox 387 1525 730 1597; baseline 0 -17"><span class='ocrx_word' id='word_1_66' title='bbox 387 1525 472 1580; x_wconf 84' lang='lat' dir='ltr'><strong>Sucro</strong></span> <span class='ocrx_word' id='word_1_67' title='bbox 490 1525 599 1595; x_wconf 84' lang='lat' dir='ltr'><strong>puellus</strong></span> <span class='ocrx_word' id='word_1_68' title='bbox 618 1525 730 1597; x_wconf 75' lang='lat' dir='ltr'><strong>pectine</strong></span> 
     </span>
    </p>

    <p class='ocr_par' dir='ltr' id='par_1_8' title="bbox 313 1613 992 1773">
     <span class='ocr_line' id='line_1_14' title="bbox 313 1613 992 1684; baseline 0.003 -16"><span class='ocrx_word' id='word_1_69' title='bbox 313 1613 441 1684; x_wconf 78' lang='lat' dir='ltr'><strong>Aspiciet</strong></span> <span class='ocrx_word' id='word_1_70' title='bbox 458 1617 571 1670; x_wconf 68' lang='lat' dir='ltr'><strong>nostrae</strong></span> <span class='ocrx_word' id='word_1_71' title='bbox 589 1613 655 1669; x_wconf 87' lang='lat' dir='ltr'><strong>fidei</strong></span> <span class='ocrx_word' id='word_1_72' title='bbox 673 1614 842 1672; x_wconf 75' lang='lat' dir='ltr'><strong>documenta</strong></span> <span class='ocrx_word' id='word_1_73' title='bbox 861 1614 992 1682; x_wconf 79' lang='lat' dir='ltr'><strong>vicissim,</strong></span> 
     </span>
     <span class='ocr_line' id='line_1_15' title="bbox 386 1702 786 1773; baseline 0.008 -16"><span class='ocrx_word' id='word_1_74' title='bbox 386 1702 546 1773; x_wconf 81' lang='lat' dir='ltr'><strong>Suspendet</strong></span> <span class='ocrx_word' id='word_1_75' title='bbox 563 1706 592 1758; x_wconf 89' lang='lat' dir='ltr'><strong>et</strong></span> <span class='ocrx_word' id='word_1_76' title='bbox 610 1720 639 1759; x_wconf 89' lang='lat' dir='ltr'><strong>se</strong></span> <span class='ocrx_word' id='word_1_77' title='bbox 658 1702 786 1760; x_wconf 74' lang='lat' dir='ltr'>forsitan.</span> 
     </span>
    </p>

    <p class='ocr_par' dir='ltr' id='par_1_9' title="bbox 315 1790 1058 1953">
     <span class='ocr_line' id='line_1_16' title="bbox 315 1790 1058 1862; baseline -0.001 -16"><span class='ocrx_word' id='word_1_78' title='bbox 315 1791 357 1846; x_wconf 79' lang='lat' dir='ltr'><strong>&#39;l&#39;u</strong></span> <span class='ocrx_word' id='word_1_79' title='bbox 376 1790 454 1860; x_wconf 86' lang='lat' dir='ltr'><strong>prior</strong></span> <span class='ocrx_word' id='word_1_80' title='bbox 472 1807 600 1849; x_wconf 74' lang='lat' dir='ltr'><strong>occurres</strong></span> <span class='ocrx_word' id='word_1_81' title='bbox 618 1791 662 1847; x_wconf 88' lang='lat' dir='ltr'><strong>illi</strong></span> <span class='ocrx_word' id='word_1_82' title='bbox 682 1793 913 1862; x_wconf 69' lang='lat' dir='ltr'><strong>stomachumque</strong></span> <span class='ocrx_word' id='word_1_83' title='bbox 932 1790 1058 1847; x_wconf 83' lang='lat' dir='ltr'><strong>movebis</strong></span> 
     </span>
     <span class='ocr_line' id='line_1_17' title="bbox 385 1879 714 1953; baseline 0.006 -18"><span class='ocrx_word' id='word_1_84' title='bbox 385 1879 583 1936; x_wconf 84' lang='lat' dir='ltr'><strong>Prseliminsri</strong></span> <span class='ocrx_word' id='word_1_85' title='bbox 601 1882 714 1953; x_wconf 77' lang='lat' dir='ltr'><strong>pagine.</strong></span> 
     </span>
    </p>

    <p class='ocr_par' dir='ltr' id='par_1_10' title="bbox 314 1968 1139 2131">
     <span class='ocr_line' id='line_1_18' title="bbox 314 1968 1139 2042; baseline 0 -18"><span class='ocrx_word' id='word_1_86' title='bbox 314 1969 376 2024; x_wconf 84' lang='lat' dir='ltr'><strong>Huc</strong></span> <span class='ocrx_word' id='word_1_87' title='bbox 395 1985 505 2039; x_wconf 87' lang='lat' dir='ltr'><strong>queque</strong></span> <span class='ocrx_word' id='word_1_88' title='bbox 524 1969 657 2040; x_wconf 74' lang='lat' dir='ltr'><strong>respiciet</strong></span> <span class='ocrx_word' id='word_1_89' title='bbox 674 1973 736 2040; x_wconf 82' lang='lat' dir='ltr'><strong>(neu</strong></span> <span class='ocrx_word' id='word_1_90' title='bbox 754 1970 830 2027; x_wconf 89' lang='lat' dir='ltr'><strong>enim</strong></span> <span class='ocrx_word' id='word_1_91' title='bbox 849 1970 926 2042; x_wconf 78' lang='lat' dir='ltr'><strong>leget</strong></span> <span class='ocrx_word' id='word_1_92' title='bbox 944 1969 1048 2040; x_wconf 85' lang='lat' dir='ltr'><strong>omnis)</strong></span> <span class='ocrx_word' id='word_1_93' title='bbox 1067 1968 1139 2026; x_wconf 80' lang='lat' dir='ltr'><strong>livor</strong></span> 
     </span>
     <span class='ocr_line' id='line_1_19' title="bbox 380 2058 804 2131; baseline 0.012 -18"><span class='ocrx_word' id='word_1_94' title='bbox 380 2058 541 2128; x_wconf 87' lang='lat' dir='ltr'><strong>·Vitumque</strong></span> <span class='ocrx_word' id='word_1_95' title='bbox 558 2076 651 2114; x_wconf 87' lang='lat' dir='ltr'><strong>rursus</strong></span> <span class='ocrx_word' id='word_1_96' title='bbox 669 2060 804 2131; x_wconf 80' lang='lat' dir='ltr'><strong>perleget.</strong></span> 
     </span>
    </p>

    <p class='ocr_par' dir='ltr' id='par_1_11' title="bbox 314 2147 1106 2294">
     <span class='ocr_line' id='line_1_20' title="bbox 314 2147 1106 2220; baseline 0.001 -19"><span class='ocrx_word' id='word_1_97' title='bbox 314 2147 394 2204; x_wconf 82' lang='lat' dir='ltr'><strong>Eheu</strong></span> <span class='ocrx_word' id='word_1_98' title='bbox 412 2165 483 2219; x_wconf 91' lang='lat' dir='ltr'><strong>quos</strong></span> <span class='ocrx_word' id='word_1_99' title='bbox 500 2147 623 2220; x_wconf 76' lang='lat' dir='ltr'>gemitus</span> <span class='ocrx_word' id='word_1_100' title='bbox 642 2149 722 2204; x_wconf 83' lang='lat' dir='ltr'><strong>dubis</strong></span> <span class='ocrx_word' id='word_1_101' title='bbox 740 2147 796 2216; x_wconf 84' lang='lat' dir='ltr'><strong>hic,</strong></span> <span class='ocrx_word' id='word_1_102' title='bbox 814 2147 1000 2204; x_wconf 86' lang='lat' dir='ltr'><strong>moestissime</strong></span> <span class='ocrx_word' id='word_1_103' title='bbox 1019 2149 1106 2216; x_wconf 76' lang='lat' dir='ltr'><strong>livor,</strong></span> 
     </span>
     <span class='ocr_line' id='line_1_21' title="bbox 386 2223 812 2294; baseline 0 -3"><span class='ocrx_word' id='word_1_104' title='bbox 386 2236 456 2292; x_wconf 81' lang='lat' dir='ltr'><strong>&#39;l&#39;em</strong></span> <span class='ocrx_word' id='word_1_105' title='bbox 475 2237 555 2292; x_wconf 86' lang='lat' dir='ltr'><strong>firmo</strong></span> <span class='ocrx_word' id='word_1_106' title='bbox 573 2255 668 2294; x_wconf 86' lang='lat' dir='ltr'><strong>umore</strong></span> <span class='ocrx_word' id='word_1_107' title='bbox 687 2223 812 2293; x_wconf 68' lang='lat' dir='ltr'><strong>territuss</strong></span> 
     </span>
    </p>

    <p class='ocr_par' dir='ltr' id='par_1_12' title="bbox 316 2323 1044 2484">
     <span class='ocr_line' id='line_1_22' title="bbox 316 2323 1044 2397; baseline 0.004 -18"><span class='ocrx_word' id='word_1_108' title='bbox 316 2323 391 2391; x_wconf 81' lang='lat' dir='ltr'><strong>Quin</strong></span> <span class='ocrx_word' id='word_1_109' title='bbox 410 2343 463 2396; x_wconf 78' lang='lat' dir='ltr'><strong>ege</strong></span> <span class='ocrx_word' id='word_1_110' title='bbox 480 2342 515 2380; x_wconf 90' lang='lat' dir='ltr'><strong>ns</strong></span> <span class='ocrx_word' id='word_1_111' title='bbox 534 2327 609 2397; x_wconf 81' lang='lat' dir='ltr'><strong>gurri</strong></span> <span class='ocrx_word' id='word_1_112' title='bbox 628 2330 738 2383; x_wconf 70' lang='lat' dir='ltr'><strong>eontra:</strong></span> <span class='ocrx_word' id='word_1_113' title='bbox 757 2343 813 2382; x_wconf 85' lang='lat' dir='ltr'><strong>neu</strong></span> <span class='ocrx_word' id='word_1_114' title='bbox 831 2326 934 2396; x_wconf 79' lang='lat' dir='ltr'><strong>perfide</strong></span> <span class='ocrx_word' id='word_1_115' title='bbox 948 2327 1044 2396; x_wconf 77' lang='lat' dir='ltr'><strong>latres,</strong></span> 
     </span>
     <span class='ocr_line' id='line_1_23' title="bbox 386 2413 867 2484; baseline 0.004 -15"><span class='ocrx_word' id='word_1_116' title='bbox 386 2413 424 2469; x_wconf 85' lang='lat' dir='ltr'><strong>Ni</strong></span> <span class='ocrx_word' id='word_1_117' title='bbox 442 2414 584 2484; x_wconf 87' lang='lat' dir='ltr'><strong>perditum</strong></span> <span class='ocrx_word' id='word_1_118' title='bbox 599 2414 635 2470; x_wconf 90' lang='lat' dir='ltr'><strong>iri</strong></span> <span class='ocrx_word' id='word_1_119' title='bbox 652 2419 681 2471; x_wconf 87' lang='lat' dir='ltr'><strong>ts</strong></span> <span class='ocrx_word' id='word_1_120' title='bbox 700 2416 786 2472; x_wconf 85' lang='lat' dir='ltr'><strong>voles.</strong></span> <span class='ocrx_word' id='word_1_121' title='bbox 863 2429 867 2440; x_wconf 86' lang='lat'>&#39;</span> 
     </span>
    </p>

    <p class='ocr_par' dir='ltr' id='par_1_13' title="bbox 315 2503 1043 2664">
     <span class='ocr_line' id='line_1_24' title="bbox 315 2503 1043 2574; baseline 0.003 -17"><span class='ocrx_word' id='word_1_122' title='bbox 315 2504 354 2558; x_wconf 82' lang='lat' dir='ltr'><strong>At</strong></span> <span class='ocrx_word' id='word_1_123' title='bbox 371 2505 411 2574; x_wconf 77' lang='lat' dir='ltr'><strong>tu¹</strong></span> <span class='ocrx_word' id='word_1_124' title='bbox 430 2503 589 2574; x_wconf 78' lang='lat' dir='ltr'><strong>quicunque</strong></span> <span class='ocrx_word' id='word_1_125' title='bbox 608 2521 637 2560; x_wconf 88' lang='lat' dir='ltr'><strong>es</strong></span> <span class='ocrx_word' id='word_1_126' title='bbox 656 2505 744 2561; x_wconf 83' lang='lat' dir='ltr'><strong>lector</strong></span> <span class='ocrx_word' id='word_1_127' title='bbox 763 2503 822 2560; x_wconf 90' lang='lat' dir='ltr'><strong>sine</strong></span> <span class='ocrx_word' id='word_1_128' title='bbox 841 2504 904 2561; x_wconf 82' lang='lat' dir='ltr'><strong>lube</strong></span> <span class='ocrx_word' id='word_1_129' title='bbox 923 2503 1043 2574; x_wconf 79' lang='lat' dir='ltr'><strong>futurus,</strong></span> 
     </span>
     <span class='ocr_line' id='line_1_25' title="bbox 387 2591 879 2664; baseline 0.006 -18"><span class='ocrx_word' id='word_1_130' title='bbox 387 2593 502 2664; x_wconf 73' lang='lat' dir='ltr'><strong>Ignosce</strong></span> <span class='ocrx_word' id='word_1_131' title='bbox 521 2591 589 2648; x_wconf 89' lang='lat' dir='ltr'><strong>Vito</strong></span> <span class='ocrx_word' id='word_1_132' title='bbox 608 2610 641 2648; x_wconf 86' lang='lat' dir='ltr'><strong>ue</strong></span> <span class='ocrx_word' id='word_1_133' title='bbox 659 2593 750 2650; x_wconf 86' lang='lat' dir='ltr'><strong>Helio.</strong></span> <span class='ocrx_word' id='word_1_134' title='bbox 877 2593 879 2598; x_wconf 51' lang='lat'><strong><em>⁴</em></strong></span> 
     </span>
    </p>

    <p class='ocr_par' dir='ltr' id='par_1_14' title="bbox 314 2680 1292 2844">
     <span class='ocr_line' id='line_1_26' title="bbox 314 2680 1292 2754; baseline 0.002 -19"><span class='ocrx_word' id='word_1_135' title='bbox 314 2680 366 2736; x_wconf 83' lang='lat' dir='ltr'><strong>Est</strong></span> <span class='ocrx_word' id='word_1_136' title='bbox 383 2699 454 2753; x_wconf 89' lang='lat' dir='ltr'><strong>epus</strong></span> <span class='ocrx_word' id='word_1_137' title='bbox 473 2682 574 2739; x_wconf 77' lang='lat' dir='ltr'><strong>undeni</strong></span> <span class='ocrx_word' id='word_1_138' title='bbox 591 2699 701 2738; x_wconf 78' lang='lat' dir='ltr'><strong>museus</strong></span> <span class='ocrx_word' id='word_1_139' title='bbox 720 2699 813 2740; x_wconf 73' lang='lat' dir='ltr'><strong>arcere</strong></span> <span class='ocrx_word' id='word_1_140' title='bbox 832 2682 945 2754; x_wconf 74' lang='lat' dir='ltr'><strong>flagello</strong></span> <span class='ocrx_word' id='word_1_141' title='bbox 964 2682 1087 2753; x_wconf 83' lang='lat' dir='ltr'><strong>(flebello</strong></span> <span class='ocrx_word' id='word_1_142' title='bbox 1105 2683 1173 2738; x_wconf 86' lang='lat' dir='ltr'><strong>Her.</strong></span> <span class='ocrx_word' id='word_1_143' title='bbox 1194 2684 1292 2754; x_wconf 77' lang='lat' dir='ltr'><strong>epist),</strong></span> 
     </span>
     <span class='ocr_line' id='line_1_27' title="bbox 385 2769 796 2844; baseline 0.007 -19"><span class='ocrx_word' id='word_1_144' title='bbox 385 2769 429 2826; x_wconf 85' lang='lat' dir='ltr'><strong>Ne</strong></span> <span class='ocrx_word' id='word_1_145' title='bbox 447 2787 531 2842; x_wconf 83' lang='lat' dir='ltr'><strong>seepe</strong></span> <span class='ocrx_word' id='word_1_146' title='bbox 549 2774 678 2844; x_wconf 77' lang='lat' dir='ltr'><strong>pungent</strong></span> <span class='ocrx_word' id='word_1_147' title='bbox 695 2771 796 2840; x_wconf 85' lang='lat' dir='ltr'><strong>libere;</strong></span> 
     </span>
    </p>

    <p class='ocr_par' dir='ltr' id='par_1_15' title="bbox 314 2859 1073 3021">
     <span class='ocr_line' id='line_1_28' title="bbox 314 2859 1073 2928; baseline 0.001 -13"><span class='ocrx_word' id='word_1_148' title='bbox 314 2859 500 2928; x_wconf 83' lang='lat' dir='ltr'><strong>irrequietum</strong></span> <span class='ocrx_word' id='word_1_149' title='bbox 518 2861 623 2918; x_wconf 81' lang='lat' dir='ltr'><strong>enimsl</strong></span> <span class='ocrx_word' id='word_1_150' title='bbox 640 2863 733 2919; x_wconf 86' lang='lat' dir='ltr'><strong>rostro</strong></span> <span class='ocrx_word' id='word_1_151' title='bbox 752 2861 897 2916; x_wconf 84' lang='lat' dir='ltr'><strong>mordente</strong></span> <span class='ocrx_word' id='word_1_152' title='bbox 916 2860 1073 2916; x_wconf 84' lang='lat' dir='ltr'><strong>timendum</strong></span> 
     </span>
     <span class='ocr_line' id='line_1_29' title="bbox 385 2948 820 3021; baseline 0.011 -18"><span class='ocrx_word' id='word_1_153' title='bbox 385 2948 518 3006; x_wconf 71' lang='lat' dir='ltr'><strong>Facessat</strong></span> <span class='ocrx_word' id='word_1_154' title='bbox 535 2950 565 3006; x_wconf 90' lang='lat' dir='ltr'><strong>in</strong></span> <span class='ocrx_word' id='word_1_155' title='bbox 582 2967 642 3006; x_wconf 85' lang='lat' dir='ltr'><strong>rem</strong></span> <span class='ocrx_word' id='word_1_156' title='bbox 660 2949 820 3021; x_wconf 80' lang='lat' dir='ltr'><strong>pessimum.</strong></span> 
     </span>
    </p>

    <p class='ocr_par' dir='ltr' id='par_1_16' title="bbox 316 3037 959 3200">
     <span class='ocr_line' id='line_1_30' title="bbox 316 3037 959 3108; baseline 0.003 -16"><span class='ocrx_word' id='word_1_157' title='bbox 316 3038 355 3092; x_wconf 78' lang='lat' dir='ltr'><strong>et</strong></span> <span class='ocrx_word' id='word_1_158' title='bbox 371 3039 403 3092; x_wconf 88' lang='lat' dir='ltr'><strong>tu</strong></span> <span class='ocrx_word' id='word_1_159' title='bbox 420 3043 579 3095; x_wconf 88' lang='lat' dir='ltr'><strong>nostrorum</strong></span> <span class='ocrx_word' id='word_1_160' title='bbox 597 3038 685 3095; x_wconf 89' lang='lat' dir='ltr'><strong>studii</strong></span> <span class='ocrx_word' id='word_1_161' title='bbox 703 3038 834 3108; x_wconf 82' lang='lat' dir='ltr'><strong>vitesque</strong></span> <span class='ocrx_word' id='word_1_162' title='bbox 853 3037 959 3095; x_wconf 73' lang='lat' dir='ltr'><strong>nedelis</strong></span> 
     </span>
     <span class='ocr_line' id='line_1_31' title="bbox 387 3126 911 3200; baseline 0.004 -20"><span class='ocrx_word' id='word_1_163' title='bbox 387 3126 448 3192; x_wconf 88' lang='lat' dir='ltr'><strong>Quo</strong></span> <span class='ocrx_word' id='word_1_164' title='bbox 467 3127 513 3182; x_wconf 80' lang='lat' dir='ltr'><strong>vix</strong></span> <span class='ocrx_word' id='word_1_165' title='bbox 531 3128 622 3199; x_wconf 81' lang='lat' dir='ltr'><strong>megis</strong></span> <span class='ocrx_word' id='word_1_166' title='bbox 640 3129 790 3200; x_wconf 82' lang='lat' dir='ltr'><strong>quicquum</strong></span> <span class='ocrx_word' id='word_1_167' title='bbox 808 3127 911 3198; x_wconf 77' lang='lat' dir='ltr'><strong>plecet.</strong></span> 
     </span>
    </p>

    <p class='ocr_par' dir='ltr' id='par_1_17' title="bbox 315 3214 1005 3376">
     <span class='ocr_line' id='line_1_32' title="bbox 315 3214 1005 3285; baseline 0.003 -15"><span class='ocrx_word' id='word_1_168' title='bbox 315 3215 358 3271; x_wconf 85' lang='lat' dir='ltr'><strong>Ns</strong></span> <span class='ocrx_word' id='word_1_169' title='bbox 377 3214 482 3285; x_wconf 78' lang='lat' dir='ltr'><strong>dolose,</strong></span> <span class='ocrx_word' id='word_1_170' title='bbox 502 3215 526 3270; x_wconf 91' lang='lat' dir='ltr'><strong>si</strong></span> <span class='ocrx_word' id='word_1_171' title='bbox 544 3219 572 3272; x_wconf 90' lang='lat' dir='ltr'><strong>te</strong></span> <span class='ocrx_word' id='word_1_172' title='bbox 591 3217 682 3273; x_wconf 82' lang='lat' dir='ltr'><strong>melus</strong></span> <span class='ocrx_word' id='word_1_173' title='bbox 700 3217 853 3273; x_wconf 79' lang='lat' dir='ltr'><strong>insectatur</strong></span> <span class='ocrx_word' id='word_1_174' title='bbox 871 3219 901 3272; x_wconf 87' lang='lat' dir='ltr'><strong>et</strong></span> <span class='ocrx_word' id='word_1_175' title='bbox 918 3216 1005 3272; x_wconf 82' lang='lat' dir='ltr'><strong>audet</strong></span> 
     </span>
     <span class='ocr_line' id='line_1_33' title="bbox 387 3303 767 3376; baseline 0.013 -18"><span class='ocrx_word' id='word_1_176' title='bbox 387 3303 488 3360; x_wconf 70' lang='lat' dir='ltr'><strong>Litore</strong></span> <span class='ocrx_word' id='word_1_177' title='bbox 507 3303 623 3376; x_wconf 77' lang='lat' dir='ltr'><strong>dignum</strong></span> <span class='ocrx_word' id='word_1_178' title='bbox 642 3305 767 3373; x_wconf 82' lang='lat' dir='ltr'><strong>eredere;</strong></span> 
     </span>
    </p>

    <p class='ocr_par' dir='ltr' id='par_1_18' title="bbox 316 3392 1258 3552">
     <span class='ocr_line' id='line_1_34' title="bbox 316 3392 1258 3466; baseline -0.001 -17"><span class='ocrx_word' id='word_1_179' title='bbox 316 3393 406 3450; x_wconf 77' lang='lat' dir='ltr'><strong>Causa</strong></span> <span class='ocrx_word' id='word_1_180' title='bbox 423 3396 473 3448; x_wconf 85' lang='lat' dir='ltr'><strong>tus</strong></span> <span class='ocrx_word' id='word_1_181' title='bbox 490 3395 534 3449; x_wconf 90' lang='lat' dir='ltr'><strong>est</strong></span> <span class='ocrx_word' id='word_1_182' title='bbox 551 3392 650 3466; x_wconf 83' lang='lat' dir='ltr'><strong>virtus,</strong></span> <span class='ocrx_word' id='word_1_183' title='bbox 668 3411 811 3465; x_wconf 75' lang='lat' dir='ltr'><strong>nunquam</strong></span> <span class='ocrx_word' id='word_1_184' title='bbox 830 3396 908 3451; x_wconf 81' lang='lat' dir='ltr'><strong>curet</strong></span> <span class='ocrx_word' id='word_1_185' title='bbox 925 3393 979 3449; x_wconf 83' lang='lat' dir='ltr'><strong>illu</strong></span> <span class='ocrx_word' id='word_1_186' title='bbox 995 3392 1137 3464; x_wconf 74' lang='lat' dir='ltr'><strong>malignis,</strong></span> <span class='ocrx_word' id='word_1_187' title='bbox 1253 3441 1258 3448; x_wconf 95' lang='lat'>.</span> 
     </span>
     <span class='ocr_line' id='line_1_35' title="bbox 388 3481 776 3552; baseline 0.013 -17"><span class='ocrx_word' id='word_1_188' title='bbox 388 3483 442 3548; x_wconf 81' lang='lat' dir='ltr'><strong>Qui</strong></span> <span class='ocrx_word' id='word_1_189' title='bbox 459 3481 617 3552; x_wconf 73' lang='lat' dir='ltr'><strong>dehebant,</strong></span> <span class='ocrx_word' id='word_1_190' title='bbox 636 3483 776 3540; x_wconf 78' lang='lat' dir='ltr'><strong>osoribus:</strong></span> 
     </span>
    </p>

    <p class='ocr_par' dir='ltr' id='par_1_19' title="bbox 317 3570 1006 3729">
     <span class='ocr_line' id='line_1_36' title="bbox 317 3570 1006 3642; baseline 0 -16"><span class='ocrx_word' id='word_1_191' title='bbox 317 3571 398 3638; x_wconf 79' lang='lat' dir='ltr'><strong>Quin,</strong></span> <span class='ocrx_word' id='word_1_192' title='bbox 418 3587 479 3642; x_wconf 81' lang='lat' dir='ltr'><strong>ege,</strong></span> <span class='ocrx_word' id='word_1_193' title='bbox 498 3570 593 3626; x_wconf 86' lang='lat' dir='ltr'><strong>deride</strong></span> <span class='ocrx_word' id='word_1_194' title='bbox 613 3573 768 3641; x_wconf 86' lang='lat' dir='ltr'><strong>eesptoque</strong></span> <span class='ocrx_word' id='word_1_195' title='bbox 786 3571 885 3627; x_wconf 86' lang='lat' dir='ltr'><strong>insiste</strong></span> <span class='ocrx_word' id='word_1_196' title='bbox 904 3571 1006 3626; x_wconf 78' lang='lat' dir='ltr'><strong>iuberi:</strong></span> 
     </span>
     <span class='ocr_line' id='line_1_37' title="bbox 388 3658 727 3729; baseline 0.003 -16"><span class='ocrx_word' id='word_1_197' title='bbox 388 3659 477 3714; x_wconf 81' lang='lat' dir='ltr'><strong>Codro</strong></span> <span class='ocrx_word' id='word_1_198' title='bbox 496 3658 650 3729; x_wconf 83' lang='lat' dir='ltr'><strong>erepebunt</strong></span> <span class='ocrx_word' id='word_1_199' title='bbox 668 3659 727 3714; x_wconf 84' lang='lat' dir='ltr'><strong>iliu.</strong></span> 
     </span>
    </p>
   </div>
   <div class='ocr_carea' id='block_1_3' title="bbox 0 0 1662 5070">
    <p class='ocr_par' dir='ltr' id='par_1_20' title="bbox 0 0 1662 5070">
     <span class='ocr_line' id='line_1_38' title="bbox 0 0 1662 5070; baseline 0 0"><span class='ocrx_word' id='word_1_200' title='bbox 0 0 1662 5070; x_wconf 95' lang='lat' dir='ltr'><strong> </strong></span> 
     </span>
    </p>
   </div>
  </div>
 </body>
</html>
