3338 5072
293 323 359 388 350
581 339 844 391 eaonnuounnn
868 339 915 387 un
937 339 1148 389 annroumvs

294 483 532 548 dubitationem
555 484 698 568 positum
720 484 903 565 surrupui
926 481 977 569 (ut
998 483 1195 565 urnupuisse
1218 481 1306 548 Trin.
1325 481 1382 570 83)
1407 487 1440 548 et

293 595 494 672 surruptus
512 595 610 674 atque
629 589 709 655 adeo
727 587 945 675 surrupio*)
960 612 1019 674 pro
1037 591 1179 672 surripui
1195 596 1355 673 surreptus
1372 611 1439 656 sur·

293 697 389 778 mpm:
411 696 546 762 fallatur
569 699 664 777 enim,
688 697 743 781 qui
767 696 900 762 illorum
923 696 1134 763 insolentiam
1158 717 1196 762 eo
1219 696 1383 782 deflectat,
1404 703 1440 762 ut

294 806 447 887 corrupta
480 825 497 868 e
530 803 706 869 rarioribus
738 804 850 886 surpui
879 805 1037 887 surpuisse
1068 809 1194 887 surptus
1230 804 1346 870 formis
1383 805 1439 888 (ut

204 935 279 976 xovr
293 932 322 975 v.
348 909 448 996 1023)
478 912 673 996 suspicetur,
706 933 786 995 quas
817 933 883 976 non
913 910 1071 977 haberent
1100 911 1157 998 qui
1186 910 1374 996 expedirent
1403 911 1439 975 li-

292 1017 406 1084 brarii:
439 1019 492 1084 cui
520 1019 648 1103 quidem
677 1018 848 1103 suspitioni
877 1023 910 1083 et
939 1025 1090 1110 metrum,
1103 1041 1199 1104 saepe
1222 1021 1384 1104 repugnat
1407 1023 1440 1083 et

292 1127 439 1208 surrupio
466 1147 620 1210 praesens
650 1126 848 1190 adversatur.
893 1125 1008 1211 Itaque
1037 1126 1100 1192 boc
1127 1126 1215 1191 baud
1243 1127 1310 1191 scio
1334 1149 1376 1192 an
1400 1149 1439 1191 ex

291 1255 402 1317 prava,
421 1232 479 1296 sad
498 1232 609 1297 eadem
628 1233 714 1297 vitae
733 1255 793 1296 nsu
812 1232 952 1317 probata
970 1232 1204 1298 consuetudine
1224 1255 1300 1298 suae
1320 1233 1438 1298 aetatis

292 1339 428 1405 Plautus
453 1338 639 1424 susceperit,
663 1343 699 1404 ut
722 1339 787 1404 alia
811 1338 969 1424 quaedam
992 1361 1059 1404 non
1077 1339 1184 1404 minus
1204 1339 1437 1407 memorabilia.

293 1482 334 1500 .-
358 1447 493 1512 Praeter
519 1445 600 1511 haec
627 1467 649 1510 u
676 1446 766 1512 tenui
794 1469 852 1530 pro
875 1467 892 1510 e
914 1446 948 1509 in
970 1447 1111 1528 apundae
1132 1449 1347 1528 quaerundum
1369 1468 1437 1512 con·

291 1553 467 1618 ueniundus
489 1554 649 1634 repetundi
671 1575 700 1618 v.
714 1553 788 1618 366.
808 1553 882 1618 646.
904 1553 997 1617 1122.
1019 1553 1117 1618 1133:
1141 1577 1163 1620 u
1185 1577 1244 1638 pro
1267 1575 1285 1620 0
1307 1555 1341 1618 in
1364 1555 1437 1619 eln-

293 1665 367 1725 tum
390 1684 418 1726 v.
436 1661 512 1744 406,
536 1661 569 1724 in
593 1660 841 1726 Acheruntem
863 1661 938 1725 494.
962 1660 1036 1744 525,
1060 1661 1147 1724 etin
1171 1662 1334 1744 epistula
1357 1683 1437 1726 sem-

291 1787 356 1853 per,
381 1767 563 1832 certissimo
584 1772 693 1832 autem
712 1767 849 1832 consilio
868 1768 903 1832 in
920 1769 1149 1844 adulescens,
1172 1769 1262 1834 euius
1282 1767 1436 1832 viennam

291 1875 463 1940 adolescens
489 1875 630 1942 formam
654 1875 706 1940 vix
732 1897 885 1960 umquam
912 1875 989 1941 boni
1018 1875 1094 1940 libri
1123 1875 1193 1940 sine
1221 1875 1438 1959 discrepantia

292 1985 487 2066 agnoscunt3
519 2004 542 2046 u
573 2004 633 2066 pro
664 2003 708 2046 cu
740 1982 773 2046 in
804 1981 962 2061 srudcui
993 2005 1023 2047 r.
1045 1982 1124 2065 413,
1158 1981 1196 2046 de
1224 1982 1374 2066 qualibus
1404 1982 1438 2046 in

291 2087 444 2173 Parergis
468 2088 591 2154 dictum
614 2112 644 2173 p.
659 2087 723 2153 541
731 2085 797 2174 **):
822 2088 957 2174 denique
981 2111 1003 2153 u
1025 2110 1084 2173 pro
1106 2110 1126 2171 p
1148 2089 1182 2152 in
1206 2087 1299 2152 Suri
1319 2111 1348 2153 v.
1363 2089 1438 2154 542.

292 2195 375 2279 546,
407 2195 543 2261 illurica
566 2195 641 2260 852.
685 2194 730 2259 Et
752 2195 908 2261 Plautum
937 2195 1066 2281 quidem
1089 2218 1148 2261 nec
1171 2195 1357 2279 sycophanta
1379 2218 1439 2262 nec

291 2302 440 2385 Lysiteles
463 2325 521 2369 nec
538 2302 732 2386 Olympicum
754 2325 813 2369 nec
832 2303 1008 2387 mprepolae
1031 2303 1197 2388 scripsisse
1222 2303 1437 2387 locupletibus

291 2408 432 2474 testibus
455 2409 649 2474 credendum
673 2414 732 2495 est,
756 2411 812 2474 sed
836 2433 894 2496 pro
917 2433 938 2494 y
961 2414 1018 2475 aut
1039 2433 1062 2474 u
1085 2409 1309 2496 posuisse***)
1333 2414 1390 2476 aut
1412 2413 1438 2475 i:

291 2515 385 2580 nobis
419 2519 528 2582 tamen
563 2517 596 2581 in
628 2515 689 2581 hoc
722 2520 815 2581 caute
847 2516 1023 2601 agendum,
1056 2518 1173 2602 quibus
1201 2518 1437 2601 incompertum

291 2643 368 2686 num
391 2623 483 2707 forte,
506 2645 643 2707 quorum
667 2624 795 2708 assequi
818 2623 1001 2708 exemplum
1024 2623 1200 2708 studemus,
1223 2629 1348 2690 veteres
1372 2626 1438 2689 iam

291 2729 396 2795 critici
420 2730 576 2795 usitatam
600 2753 658 2796 sua
682 2735 788 2796 aetate
812 2731 956 2796 litteram
974 2731 1010 2796 in
1028 2730 1182 2795 Plautum
1206 2731 1316 2796 dedita
1339 2753 1438 2817 opera

291 2836 472 2922 intulerint,
495 2841 532 2902 ut
554 2859 618 2922 qua
642 2837 726 2903 hunc
751 2839 858 2923 ipsum
880 2860 1015 2903 usurum
1039 2837 1149 2921 fuisse,
1173 2837 1201 2902 si
1225 2839 1258 2902 in
1282 2843 1436 2923 promptu

290 2941 467 3028 habuisset,
490 2943 576 3010 haud
601 2967 678 3010 sane
701 2945 809 3029 inepte
833 2945 1021 3010 ratiocinari
1044 2947 1186 3029 possent.
1233 2943 1437 3029 Quamquam

291 3054 325 3113 et
347 3048 445 3114 Suria
468 3073 545 3116 sane
569 3055 602 3116 et
624 3052 735 3116 Musio
759 3051 907 3117 Donatus
932 3052 966 3116 in
989 3050 1134 3135 Hecyrae
1158 3049 1183 3134 Ι,
1199 3052 1263 3134 2,8
1286 3055 1434 3133 testatur,

291 3160 324 3220 et
342 3156 440 3222 Suria
458 3157 632 3224 Secraursae
649 3159 789 3224 sumbola
806 3157 995 3240 necopinum
1017 3156 1181 3224 Cornutus
1205 3157 1290 3243 apud
1310 3155 1437 3222 Cassio-

291 3262 405 3328 dorum
424 3263 464 3329 de
484 3265 629 3350 orthogr.
643 3289 673 3349 p.
688 3265 776 3331 2286
788 3265 866 3346 [153
877 3265 943 3346 Κ.].
964 3263 1071 3328 Libris
1090 3268 1200 3329 tamen
1218 3263 1304 3349 quod
1323 3265 1357 3329 in
1375 3265 1437 3329 hoc

291 3369 420 3453 quidem
451 3393 571 3458 genere
600 3393 667 3436 non
697 3372 834 3437 nimium
863 3371 1036 3436 tribuimus
1071 3372 1218 3456 quamvis
1252 3371 1379 3452 lisitelef
1404 3374 1438 3435 et

291 3478 467 3560 olimpicum
487 3483 520 3542 et
537 3479 705 3562 mircpolae
724 3479 887 3564 scriptura
905 3479 945 3542 ad
965 3477 1110 3562 aliquam
1134 3478 1273 3562 speciem
1297 3479 1435 3562 antiqui-

291 3585 369 3650 tatis
394 3584 633 3668 accedentibus,
665 3607 730 3652 non
754 3585 900 3671 culpabit
921 3585 1060 3667 factum,
1093 3584 1185 3669 quii
1207 3607 1265 3669 pro
1288 3604 1309 3666 y
1332 3585 1435 3668 ipsius

290 3690 389 3756 medii
413 3693 484 3756 aeri
507 3695 576 3756 tam
598 3714 669 3756 osse
692 3693 858 3777 proprium
883 3713 980 3777 quarn
1003 3713 1019 3756 e
1041 3713 1100 3775 pro
1123 3713 1160 3754 ce
1182 3691 1383 3775 cogitaverit.
1396 3727 1434 3736 —

291 3797 415 3863 Contra
436 3820 496 3884 pro
519 3820 541 3863 n
563 3799 674 3864 littera
696 3819 730 3864 oe
752 3799 946 3864 servandum
976 3799 1038 3862 fuit
1060 3803 1098 3862 ut
1121 3820 1137 3861 e
1161 3798 1336 3862 vetustiore
1361 3819 1436 3862 eon·

396 4011 421 4082 *)
450 4009 504 4082 [Ol.
524 4010 624 4081 Opusc.
644 4010 714 4080 phil.
734 4009 760 4064 II
778 4027 805 4079 p.
826 4014 878 4062 544
897 4007 1004 4078 annot]

378 4101 419 4172 θ)
440 4101 491 4172 [Ol.
511 4100 612 4170 Opuec.
631 4099 700 4170 phil.
722 4100 746 4153 ll
766 4117 793 4168 p.
813 4098 886 4169 424]

360 4191 418 4260 m)
447 4191 506 4262 [Ex
528 4189 704 4244 Addendis
727 4205 753 4257 p.
778 4199 908 4241 cmxxv:
942 4185 1045 4255 ‘longe
1073 4185 1324 4241 luculentissimum
1351 4186 1434 4240 docu-

290 4283 428 4349 mentum,
446 4296 502 4349 qno
525 4295 576 4348 pro
594 4297 613 4349 y
632 4277 764 4332 Plantam
782 4291 801 4329 u
821 4273 965 4343 scripsisse
984 4274 1158 4344 probaretur,
1176 4275 1281 4330 licebat
1300 4293 1315 4330 e
1333 4274 1435 4329 bacch.

291 4371 324 4438 ll,
342 4377 368 4438 3,
389 4375 440 4424 128
458 4371 567 4438 paterer
595 4369 643 4423 nbi
662 4365 715 4422 nisi
735 4365 947 4436 pronuntiatum
966 4382 1026 4419 esso
1046 4365 1219 4418 Orudsalum
1245 4381 1286 4418 nuc
1313 4381 1347 4419 ea
1367 4363 1434 4418 Gru·

289 4459 348 4512 salo
365 4457 516 4528 potaveris,
535 4458 613 4527 lepos
632 4457 661 4510 et
679 4469 797 4510 acumen
814 4453 908 4524 perit'
948 4453 989 4508 Ol.
1008 4454 1109 4524 Opnsc.
1129 4453 1198 4523 phil.
1220 4451 1256 4506 lv
1276 4469 1303 4521 p.
1324 4453 1396 4524 ila]
