3338 5072
557 417 821 468 nnunofflosrs
845 418 1051 467 perversas.
1310 403 1375 468 343

231 563 451 630 accusativum
479 559 671 648 probare*):
704 583 801 648 quam
824 561 964 628 formam
988 566 1021 627 et
1043 563 1142 646 ratio,
1175 584 1258 648 quae
1280 563 1315 627 in
1338 585 1376 628 eo

233 691 348 754 genere
371 670 522 734 universo
545 671 678 754 regnat,
706 673 816 734 tuetur
839 673 872 734 et
894 669 958 734 nini
980 669 1080 735 fallor
1102 667 1243 736 Charisii
1266 674 1375 737 aucto·

233 777 312 842 ritas
335 778 452 842 firmat
485 774 571 841 Nam
595 797 668 841 eum
687 775 818 840 Calchae
840 776 1025 861 genetivum
1048 775 1300 860 Plautinumque
1323 778 1377 843 ab·

231 883 368 948 lativum
382 883 497 950 Calcha
516 890 549 950 at
567 883 689 948 similia
712 905 785 948 cum
808 882 867 948 illo
889 882 1077 949 Priscianus
1091 881 1139 947 VI
1157 905 1188 966 p.
1199 882 1263 948 702
1287 884 1376 969 [239,

234 989 343 1071 1011]
367 996 401 1054 et
424 990 548 1056 Probus
572 989 718 1055 Putschii
741 1011 771 1073 p.
785 989 867 1053 1467
895 989 960 1072 [24,
977 990 1017 1053 14
1031 987 1084 1070 K]
1108 992 1276 1073 testentur,
1299 990 1376 1075 quid

231 1097 363 1162 tandem
391 1119 462 1162 esse
490 1097 633 1162 dicamus
661 1096 746 1181 quod
774 1095 826 1160 his
850 1095 1069 1160 dissimillima
1090 1094 1209 1178 forma,
1239 1100 1272 1161 et
1294 1120 1376 1181 quae

231 1205 349 1270 veteris
373 1210 470 1290 atque
488 1205 640 1288 antiquae
659 1203 769 1268 latinit
754 1203 834 1267 tatis
854 1203 994 1287 speciem
1013 1201 1224 1268 domesticam
1243 1203 1376 1270 minime

231 1310 360 1394 habeat,
374 1309 511 1378 Calchan
524 1311 678 1376 miscetur
693 1307 833 1375 Charisii
847 1309 894 1374 l.I
910 1309 990 1394 pso
1000 1307 1177 1392 [66,22Κ.]
1189 1309 1241 1375 his
1256 1311 1375 1376 verbis:

232 1416 462 1483 ‘Inueniuntur
484 1420 594 1483 tamen
617 1407 775 1502 qua’edam
793 1417 966 1501 peregrina
983 1438 1066 1501 quae
1086 1437 1159 1482 cum
1177 1419 1375 1484 incremento

233 1523 376 1606 syllabae
400 1523 615 1608 declinantur,
638 1527 675 1588 ut
698 1521 836 1588 Calchas
860 1523 969 1588 Pallas
993 1522 1090 1588 Atlas
1114 1523 1228 1610 Gigas:
1251 1525 1376 1591 faciunt

231 1630 315 1693 enim
330 1627 519 1697 Calchantis
534 1629 692 1695 Pallantis
708 1626 883 1716 (Atlantis)
897 1627 1061 1715 Gigantis:
1080 1630 1229 1714 quamuis
1249 1634 1374 1718 antiqui

230 1740 267 1800 ut
289 1736 449 1802 Pacuuius
473 1741 506 1803 et
527 1736 664 1802 Plautus
688 1735 823 1801 Calchan
847 1735 971 1822 dicant,
992 1759 1058 1802 non
1081 1735 1375 1826 Calchantem.'**)

230 1843 345 1927 Apage
374 1842 623 1910 declinationem
653 1865 672 1907 a
699 1841 877 1907 Pacuviani
905 1842 1113 1929 Plautinique
1141 1845 1299 1910 sermonis
1327 1847 1374 1910 in·

231 1949 303 2014 dole
326 1973 392 2015 non
410 1950 517 2016 minus
538 1972 635 2035 quam
654 1949 848 2034 graecanica
861 1949 1064 2034 Pythaporan
1077 1951 1206 2016 Aasean
1224 1951 1376 2036 alienam,

231 2057 391 2142 uniusque
414 2058 553 2123 lineolae
577 2056 760 2122 accessione
784 2056 983 2122 confidenter
1004 2079 1123 2141 repone
1137 2057 1374 2124 Culcham.—

230 2163 378 2251 Denique
406 2164 590 2231 vocativum
618 2163 735 2227 talium
762 2163 945 2248 nominum,
979 2165 1073 2249 quale
1105 2168 1156 2230 est
1183 2165 1375 2248 Charmadas,

229 2274 347 2357 negavi
370 2272 411 2338 ad
434 2273 537 2338 v.617
562 2272 596 2335 in
618 2292 634 2335 e
656 2270 744 2334 exire
767 2269 853 2352 apud
876 2269 1037 2336 Plautum.
1071 2269 1170 2337 Cuius
1195 2275 1375 2340 sententiae

230 2401 380 2444 caussam
410 2380 515 2444 habeo
539 2378 844 2464 locupletissimam,
877 2377 963 2462 quod
987 2380 1136 2462 exempla
1157 2401 1224 2444 non
1247 2385 1376 2446 exstant

231 2486 319 2550 illius
347 2485 589 2569 declinationis,
622 2485 677 2551 sed
705 2485 969 2550 constantissimo
992 2491 1121 2569 praeter
1145 2509 1257 2552 unum
1281 2488 1374 2553 illum

231 2615 360 2657 vernum
388 2615 449 2657 usu
478 2591 662 2658 Charmides
693 2592 834 2657 Callicles
860 2592 1076 2676 Maparonidcs
1098 2594 1246 2678 Lysiteles
1268 2595 1374 2660 Philo-

230 2699 329 2766 laches
347 2701 513 2782 Apocciclcs
531 2697 762 2786 Placa'cles***)
781 2699 1001 2782 Shalophaacs
1022 2701 1261 2785 Strachsppocas
1284 2699 1374 2786 (nam

230 2805 549 2889 interaspirationem
564 2807 597 2870 A
615 2804 798 2892 expressit),
822 2809 855 2871 et
874 2806 900 2870 si
919 2827 1003 2891 quae
1023 2813 1098 2872 suut
1121 2809 1251 2890 similia,
1275 2809 1374 2873 etiam

230 2934 288 2996 pro
308 2911 465 2977 vocativis
484 2917 568 2977 sunt.
606 2911 757 2997 Oppones
780 2913 1021 2998 frequentatum
1045 2915 1078 2978 in
1101 2914 1206 2979 Milite
1230 2914 1534 3000 gloriosouxxxvm

230 3019 495 3101 Periplectomene,
528 3019 624 3103 idque
652 3019 732 3083 adeo
755 3019 846 3084 iuxta
868 3019 977 3102 posito
1001 3017 1159 3085 Pleusicles
1181 3018 1241 3104 111,
1268 3021 1295 3103 1,
1321 3021 1375 3085 16:

283 3161 452 3227 Euocabot
474 3161 554 3226 heus
579 3161 854 3245 Periplectomene
878 3165 911 3225 et
933 3160 1108 3244 Pleusides,
1131 3161 1373 3246 progredimini.

230 3305 276 3369 At
299 3325 337 3368 ea
358 3304 431 3388 ipsa
454 3303 592 3368 societas
621 3324 739 3389 augere
767 3303 982 3388 suspitionem
1006 3309 1038 3368 et
1060 3327 1191 3369 monere
1214 3305 1252 3369 de
1270 3327 1373 3393 naevo

232 3411 377 3476 debebat.
423 3407 497 3474 Non
530 3411 637 3494 magis
671 3411 757 3476 enim
791 3433 810 3474 a
841 3410 1043 3475 nominativo
1075 3411 1109 3475 in
1136 3432 1166 3476 es
1197 3411 1373 3476 terminato

232 3518 353 3583 factum
376 3517 630 3600 Periplectomene
657 3540 755 3602 quam
777 3516 916 3600 Eutyche
943 3516 977 3580 in
1000 3516 1193 3600 Mercatore,
1223 3519 1307 3602 quod
1331 3519 1374 3583 ab

230 3625 389 3707 Eutychus
424 3623 560 3688 ducitur.
610 3624 657 3689 At
693 3647 770 3690 vero
802 3623 1076 3706 Pmpactonaensc
1112 3625 1237 3689 ratione
1275 3629 1374 3690 caret.

231 3731 327 3797 Caret
350 3752 440 3795 vero:
464 3731 684 3814 quaerendum
706 3732 810 3817 igitur
832 3730 917 3814 quod
936 3736 1095 3816 congruat
1113 3731 1242 3797 rationi.
1273 3731 1374 3797 Recte

231 3842 339 3903 autem
370 3859 404 3900 se
431 3837 552 3901 habere
579 3838 643 3903 duo
673 3838 743 3902 sola
766 3841 917 3921 possunt,
949 3845 1005 3903 aut
1035 3860 1055 3902 a
1082 3839 1374 3918 περιπληττόμενο(

231 3945 353 4009 factum
368 3942 641 4025 Periplectomenus
655 3948 711 4008 aut
725 3967 745 4008 a
760 3944 1029 4023 περιπλεκόμενοι
1042 3944 1373 4027 Periplccomcnus.

230 4051 307 4116 Non
330 4050 478 4135 ambiges
501 4050 629 4134 opinor,
661 4055 770 4115 utrum
800 4051 840 4116 ad
869 4051 974 4134 ipsam
998 4051 1140 4117 indolem
1163 4051 1263 4134 lepidi
1287 4051 1372 4114 senis

231 4177 301 4220 esse
329 4155 437 4240 aptius
466 4154 561 4220 dicas.
607 4155 902 4222 Ratiocinationem
931 4162 1040 4221 autem
1067 4160 1215 4223 nostram
1242 4177 1307 4220 una
1335 4179 1372 4221 ex

337 4349 363 4417 *)
384 4347 439 4418 [Cf.
459 4347 559 4418 Opnsc.
578 4347 646 4418 phil.
666 4347 737 4418 Hp.
757 4355 822 4413 4913
851 4349 942 4404 'I'rin¹
961 4349 1046 4418 prael.
1066 4367 1092 4418 p.
1112 4351 1208 4422 mn]

319 4435 361 4506 **)
382 4435 433 4508 [ef.
454 4437 553 4507 Opnsc.
574 4435 642 4507 phil.
661 4438 688 4492 II
706 4457 732 4508 p.
753 4441 804 4492 487
824 4437 901 4504 adn.;
921 4435 1011 4490 'Prin'
1030 4437 1115 4506 prael.
1135 4456 1161 4508 p.
1181 4439 1301 4510 uuna]

301 4523 357 4594 m)
376 4524 477 4596 [lmmo
498 4527 659 4592 Pleusicles3
678 4525 711 4580 ci.
733 4525 833 4596 Opnsc.
853 4525 920 4597 phil.
938 4525 979 4581 111
997 4542 1024 4595 p.
1044 4525 1119 4597 Μ]
