3332 5074
281 384 347 447 424
570 397 834 448 raounconnns
858 398 905 446 os
928 397 1141 446 nermnnrvs

371 541 446 608 Sine
470 542 556 608 riltro
580 542 701 626 ueniat,
725 542 895 627 quaeritet,
918 540 1081 626 desideret,
1105 543 1279 627 exspectet.

280 683 420 750 Rursum
449 684 500 749 his
530 684 685 768 exemplis
713 684 826 767 fretus,
854 683 1008 768 quoniam
1041 705 1099 768 par
1126 683 1211 749 ratio
1239 684 1327 750 inter
1354 686 1430 769 loyes

282 793 355 874 lopet
377 796 474 876 atque
496 792 581 857 inter
604 795 658 856 des
684 793 734 856 det
755 790 940 874 intercedit,
967 811 1033 855 non
1061 790 1175 855 dubito
1204 791 1303 857 etiam
1326 793 1431 857 audiet

284 899 439 972 creticum
462 899 570 984 potius
594 898 679 963 tueri
702 899 737 961 in
760 896 877 962 Bacch.
900 895 957 981 IV,
980 897 1010 981 8,
1035 899 1091 962 70:

371 1039 472 1106 Satin'
497 1043 558 1125 det,
582 1041 609 1105 si
632 1041 726 1124 plura
749 1063 788 1105 ex
811 1062 862 1105 me
886 1039 996 1104 audiet
1019 1040 1116 1106 hodie'
1139 1041 1234 1124 mala,

283 1208 380 1272 quam
403 1184 605 1249 tribrachum
629 1187 781 1268 quartum
805 1181 935 1266 pedem,
963 1183 1108 1249 iambum
1136 1187 1244 1248 autem
1272 1206 1331 1268 pro
1356 1206 1429 1248 ana·

281 1295 395 1376 paesto
420 1290 568 1374 quintum
587 1289 805 1374 interpretari.
826 1326 866 1336 —
888 1288 948 1354 His
968 1295 1076 1354 autem
1096 1289 1314 1355 fundamentis
1333 1291 1427 1356 iactis

282 1398 385 1463 audeo
413 1395 565 1482 progredi
594 1395 724 1480 longius
753 1399 786 1460 et
813 1395 899 1460 ultra
931 1395 1126 1461 coniunctivi
1149 1397 1272 1462 formas
1295 1397 1428 1463 investi·

281 1509 378 1589 gatae
407 1503 544 1568 rationis
572 1503 651 1568 fines
679 1524 883 1586 promovere:
913 1524 1108 1586 quamquam
1136 1503 1241 1568 fateor
1267 1525 1333 1568 non
1360 1504 1428 1568 sine

283 1611 457 1675 timiditate
481 1631 531 1673 me
556 1607 682 1692 audere,
706 1612 739 1672 ct
761 1607 882 1672 rationi
906 1608 1185 1693 obtemperantem
1209 1611 1313 1697 magis
1333 1633 1429 1696 quam

283 1716 536 1801 morigerantem
564 1715 681 1779 sensui.
726 1714 811 1779 Nam
840 1736 904 1799 quo
935 1713 1106 1779 affinitatis
1135 1714 1265 1781 vinculo
1292 1717 1371 1782 celis
1398 1721 1431 1782 et

282 1822 369 1905 uelit,
395 1823 440 1886 sis
468 1824 502 1886 et
529 1823 584 1906 sit,
611 1822 664 1886 des
691 1825 724 1886 et
750 1823 811 1900 del,
840 1843 903 1905 quo
933 1822 1015 1904 lepos
1038 1822 1174 1904 lepamas
1197 1825 1230 1885 et
1253 1823 1339 1906 lepor,
1367 1847 1430 1909 quo

284 1929 421 2010 loquoris
448 1929 593 2010 loquatur
620 1931 653 1991 et
681 1928 805 2011 horror,
834 1927 945 1991 eodem
973 1927 1133 1991 contineri
1160 1948 1250 1994 omas
1278 1933 1311 1993 et
1336 1937 1431 2014 amat,

284 2057 387 2101 rnones
411 2038 443 2099 et
465 2039 573 2112 narret,
596 2035 688 2099 andis
711 2038 744 2097 et
766 2035 855 2098 cudit
873 2031 1110 2099 concedendum
1130 2038 1188 2099 est.
1220 2034 1325 2120 Igitur
1344 2037 1428 2121 quod

128 2167 268 2206 cnxxxrv
284 2143 318 2206 in
348 2142 413 2207 illis
441 2141 579 2224 factum,
606 2142 646 2206 ad
675 2141 734 2206 hos
764 2163 891 2226 quoquc
920 2140 1113 2206 indicativos
1141 2141 1334 2225 pertinuisse
1363 2148 1429 2208 tam

283 2255 333 2314 est
356 2253 606 2316 consentaneum
614 2299 622 2332 ,
651 2270 748 2332 quam
776 2247 896 2313 rationi
924 2269 1108 2332 repugnans
1137 2247 1329 2330 productum
1358 2251 1431 2333 lapis
1508 2319 1511 2324 ,

282 2355 335 2420 rel
366 2357 443 2439 lepti.
490 2354 598 2440 Atque
629 2358 707 2420 nata
737 2376 808 2420 esse
838 2354 896 2419 illa
927 2355 1038 2418 omnis
1067 2354 1178 2438 aliqua
1208 2356 1430 2422 contractione

282 2461 431 2526 binarum
459 2462 618 2526 vocalium
647 2464 789 2544 constat,
817 2483 842 2526 e.
870 2483 896 2526 c.
923 2471 1012 2524 amos
1039 2482 1078 2526 ex
1105 2461 1246 2543 anui-ts,
1278 2468 1365 2527 amat
1391 2485 1430 2528 ex

281 2567 420 2650 omri-tt,
449 2578 556 2632 actore
584 2589 623 2630 ex
654 2566 812 2632 omri-tre:
844 2567 927 2631 nihil
957 2570 1065 2631 autem
1093 2573 1296 2633 contractum
1324 2573 1375 2634 est
1396 2571 1430 2634 in

283 2675 395 2756 lap-ts,
425 2673 535 2756 lep-i-t,
564 2674 677 2756 lep-ire.
722 2673 811 2758 Ergo
842 2695 907 2738 non
939 2673 1049 2758 aliqua
1078 2673 1210 2739 licentia
1239 2676 1430 2759 productum

283 2784 333 2845 est
361 2781 430 2864 scit,
465 2781 491 2868 si
527 2784 577 2844 est
610 2781 817 2864 productum,
851 2781 907 2844 sed
943 2780 1130 2864 prosodiam
1160 2803 1177 2845 a
1206 2783 1430 2848 contractione

283 2887 517 2952 consectariam
541 2887 695 2952 servavit:
722 2889 760 2970 fit
781 2891 903 2970 autem,
932 2887 1017 2971 quod
1042 2911 1060 2951 a
1081 2887 1134 2968 sio
1156 2884 1236 2973 (non
1257 2888 1324 2972 feo)
1344 2889 1430 2954 duci·

282 2997 345 3077 tur,
368 3015 408 3058 ne
431 2992 539 3078 potuit
562 2992 690 3077 quidem
718 2993 808 3057 brevi
834 2992 937 3057 vocali
957 2994 1006 3074 fn
1028 2993 1104 3077 dici,
1132 2997 1169 3058 nt
1191 2993 1273 3058 nihil
1297 3017 1428 3081 prorsus

286 3099 450 3186 singulare
474 3100 517 3163 sit
541 3099 574 3162 in
597 3097 690 3183 Caph
713 3099 794 3183 prol.
818 3122 845 3163 v.
869 3099 926 3164 25:

371 3240 418 3305 Vt
438 3241 481 3321 fn
501 3242 535 3305 in
559 3241 655 3325 bello,
679 3241 805 3325 cripitur
828 3242 909 3306 alter
932 3217 1034 3306 lilius.

283 3382 346 3448 Sed
373 3388 410 3447 ut
436 3385 506 3467 scit,
533 3383 580 3447 ita
607 3382 788 3468 posteriore
815 3385 922 3447 aetate
951 3383 1069 3467 corripi
1094 3385 1224 3449 solitum
1248 3388 1274 3449 il
1297 3387 1429 3473 longam

284 3489 447 3572 syllabam
469 3489 570 3554 habet
593 3487 685 3555 Curc.
707 3487 766 3573 IV,
790 3491 820 3573 2,
843 3490 878 3554 3:

371 3629 476 3696 Nemo
501 3635 525 3695 il
547 3631 681 3696 infitias.
727 3615 884 3698 Attamen
907 3632 1165 3696 meliusculumst
1187 3635 1331 3699 mone're:

284 3772 458 3857 eademque
481 3774 606 3839 ratione
628 3775 704 3840 solet
726 3777 759 3838 et
783 3774 862 3838 lubet
884 3778 917 3837 et
939 3775 1074 3856 afflictat
1095 3772 1191 3838 Mero.
1210 3773 1269 3858 ΙΙΙ,
1288 3777 1318 3860 4,
1338 3775 1428 3862 63.*)

282 3879 339 3966 IV,
361 3881 391 3964 2,
415 3880 443 3945 5.
467 3879 549 3944 Rud.
576 3879 614 3964 V,
637 3883 667 3966 2,
690 3877 749 3968 ddi

372 4020 438 4086 Cur
468 4023 553 4087 istuc
587 4024 717 4106 coeptas
745 4022 940 4087 consilium?
987 4021 1070 4098 Quia
1098 4022 1184 4087 enim
1213 4045 1264 4088 me
1292 4023 1430 4091 afflictat

1031 4150 1131 4194 amor.

347 4239 350 4246 ’
374 4233 458 4300 Solet
479 4236 629 4301 hortator
652 4235 791 4319 re'miges
815 4233 984 4298 hortdrier.

287 4363 499 4371 .—.--.—-—-

372 4425 398 4494 ')
419 4426 492 4498 [Quo
516 4427 578 4482 loco
595 4425 767 4482 Ritschelins
786 4425 880 4481 addit:
907 4426 992 4481 ‘aava
1019 4427 1229 4482 Lachmannnm
1247 4429 1276 4483 in
1295 4429 1374 4484 anr.
1394 4429 1429 4496 V,

284 4520 336 4568 396
356 4515 506 4583 sequars.']
1334 4512 1339 4524 “
