3318 5072
526 437 790 489 uusuosrrours
814 440 1020 488 rcnvrmru.
1286 425 1348 490 511

208 583 436 668 excusationis,
460 587 496 648 ut
519 587 594 649 6666
613 584 688 668 dixi,
711 585 874 668 dactylum
895 585 1059 650 dissecans
1078 605 1213 650 caesura
1231 586 1351 670 attulit,

206 695 243 756 66
266 691 354 757 Trio.
374 692 425 757 86.
448 691 519 755 131.
540 691 613 756 759.
660 689 776 756 Bacch.
799 692 871 757 135.
894 691 965 757 182.
985 691 1059 756 236.
1079 691 1152 758 729.
1172 691 1237 756 828
1262 693 1350 772 [168.

207 799 281 863 214.
305 799 379 864 268.
405 798 478 862 766.
503 798 597 879 866];

296 905 404 989 Atque
429 903 461 968 id
485 907 595 968 tamen
617 905 720 990 16616
743 906 854 971 lubeat
877 907 1078 990 auspicatior.

296 1011 436 1096 Argtnti
460 1012 583 1076 amanti
604 1011 750 1093 licemini
773 1011 984 1096 eidulcseeuti,
1008 1013 1106 1077 animi
1130 1010 1268 1097 impoti.¹

294 1115 400 1182 Potin'
424 1119 475 1183 666
498 1119 539 1182 ab
564 1119 668 1183 amico
689 1107 862 1202 {alicunde
886 1117 1035 1184 exorari?
1068 1118 1191 1184 Potest.

294 1224 479 1290 1666666666
500 1225 505 1307 Ι
526 1225 581 1290 tibi
604 1223 692 1308 Ly'de
715 1226 853 1291 libertas
876 1227 996 1292 datast

294 1331 405 1397 Etiam
429 1313 600 1417 hlpidioum
620 1333 625 1420 1
645 1353 740 1416 quom
770 1355 822 1416 epo
855 1333 1000 1400 fabulam
1030 1355 1130 1417 aeque
1160 1355 1197 1398 ac
1225 1354 1276 1396 me
1304 1330 1351 1416 ip-

1060 1463 1132 1505 sum
1156 1463 1239 1506 amo.

295 1546 488 1611 Adulteram
509 1548 627 1625 letiam
651 1543 741 1612 elibat
763 1549 861 1612 rebus
885 1548 1008 1613 ceteris.

295 1652 445 1718 Vorsabo
470 1673 530 1738 ego
554 1653 661 1718 hercle
681 1653 686 1738 1
706 1653 794 1718 hodic
816 1654 909 1718 sslum
932 1654 960 1718 si
984 1654 1059 1719 uiuo
1084 1652 1235 1738 probe.*)

294 1758 381 1825 Dum
404 1761 445 1825 66
467 1761 650 1825 manufesto
670 1759 675 1845 Ι
695 1761 848 1826 hmines
872 1761 1036 1845 opprimat
1059 1782 1140 1824 6666
1163 1761 1278 1826 enicet.

207 1901 307 1967 Medii
331 1905 441 1967 autem
463 1902 549 1968 inter
571 1903 634 1970 hoc
657 1906 690 1968 et
712 1904 790 1970 illud
816 1925 917 1988 genus
936 1902 970 1966 hi
989 1925 1101 1967 versus
1121 1907 1206 1987 sunt,
1230 1902 1263 1966 in
1283 1903 1351 1988 qui·

209 2009 269 2073 bus
292 2009 460 2094 aliquanto
485 2011 605 2095 minus,
634 2011 689 2075 sed
714 2015 824 2076 tamen
848 2011 957 2095 aliqua
981 2033 1018 2073 ex
1042 2013 1135 2094 parte
1159 2009 1281 2093 dactyli
1304 2009 1350 2072 iu-

208 2117 381 2181 solentiam
411 2117 451 2182 66
475 2117 776 2200 semiseptenariam
799 2139 977 2200 properans
1001 2115 1223 2200 pronuntiatio
1247 2114 1351 2179 occul-

207 2226 272 2306 tat,
295 2225 332 2287 ut
355 2221 470 2290 Bacch.
494 2224 569 2288 243.
595 2223 681 2288 1035
705 2223 793 2304 [275.
819 2223 932 2306 1074]:

295 2363 458 2450 Dece'ptus
483 2387 570 2430 sum:
593 2366 744 2450 Autolyco
767 2365 890 2451 hospiti
910 2363 916 2452 Ι
937 2387 1050 2430 aurum
1075 2364 1204 2430 credidi.

296 2469 530 2536 Verdmtamen
552 2473 747 2556 complentur
767 2477 771 2554 Ι
793 2473 898 2538 mulso
923 2471 1053 2538 milites.

278 2611 410 2679 Dictum
435 2618 485 2678 est
507 2611 546 2679 de
569 2615 701 2699 dactylo
726 2615 828 2700 deque
851 2618 1030 2700 anapaesto
1053 2636 1125 2678 cum
1149 2614 1349 2678 senariorum

205 2725 275 2785 tum
307 2721 576 2806 septenariorum:
610 2722 757 2806 sequitur
787 2726 824 2786 66
853 2723 893 2786 66
924 2721 1116 2786 tribrachi
1145 2743 1205 2785 666
1236 2725 1351 2806 agatur

205 2828 373 2912 utriusque
401 2850 553 2893 versuum
581 2829 709 2915 generis
738 2829 910 2894 communi.
957 2827 1005 2892 De
1033 2849 1097 2912 quo
1120 2850 1185 2893 non
1209 2829 1349 2892 multum

206 2933 366 3016 estquod
394 2934 528 3019 dignum
551 2935 720 3000 mentione
743 2935 900 3019 videatur,
924 2939 1074 3019 spectans
1098 2935 1130 2998 id
1155 2933 1195 2999 ad
1218 2935 1349 3020 paenul-

205 3039 303 3104 timae
327 3041 410 3104 arsis
434 3041 645 3125 solutionem,
673 3065 737 3126 qua
760 3041 1041 3126 proceleusmatici
1065 3042 1116 3106 vel
1140 3041 1250 3126 quarti
1273 3063 1349 3126 pae-

204 3147 276 3212 onis
305 3147 445 3231 speeiem
473 3149 578 3213 exitus
606 3170 758 3213 versuum
786 3149 906 3230 induit,
940 3149 1008 3214 sive
1039 3169 1112 3212 eum
1142 3147 1250 3211 brevis
1280 3148 1350 3212 sire

204 3254 303 3338 longa
331 3253 457 3338 syllaba
485 3254 656 3337 praecedit.
700 3254 813 3319 Talem
842 3260 950 3320 autem
980 3255 1102 3320 exitum
1126 3277 1199 3318 cum
1223 3254 1349 3338 elegan-

204 3361 331 3426 tissime
361 3361 409 3424 ita
435 3360 505 3424 fieri
533 3365 660 3426 constet
687 3363 724 3424 ut
752 3361 993 3444 quadrisyllabo
1022 3362 1178 3426 vocabulo
1207 3383 1350 3445 eompre-

205 3466 375 3551 hendatur,
398 3489 424 3532 6.
448 3488 472 3531 6.

293 3589 377 3654 'l'um
400 3589 499 3654 illanc
523 3590 603 3655 mihi
627 3613 696 3661 6666
721 3593 857 3676 guaitam
880 3593 986 3662 uoluit
1010 3578 1174 3678 inopiam:
1322 3617 1507 3660 ocnuxvru

293 3671 340 3762 lit
363 3699 411 3762 ita
434 3699 467 3761 66
491 3697 627 3762 alionim
651 3698 851 3781 miserescat,
873 3699 914 3761 ne'
936 3700 981 3762 tis
1004 3699 1086 3764 alios
1111 3697 1276 3764 misereat:

204 3845 312 3905 tamen
336 3862 395 3924 666
419 3839 481 3906 666
505 3841 667 3924 bisyllaba
690 3841 876 3926 improbata
899 3846 984 3924 suut,
1008 3863 1139 3926 perraro
1159 3848 1267 3908 autem
1291 3843 1349 3906 tri·

204 3948 364 4030 syllabum
397 3969 471 4011 cum
501 3947 677 4032 pedisequo
708 3929 936 4032 monosyllabo
961 3949 1137 4014 admissum
1161 3955 1225 4031 666,
1257 3971 1347 4012 uum-

205 4077 302 4138 quam
335 4054 596 4137 monosyllabum
636 4077 709 4119 cum
742 4055 916 4140 pedisequo
950 4055 1129 4139 trisyllabo.
1186 4055 1347 4120 Vitiosum

205 4159 290 4222 enim
314 4159 397 4224 haue
420 4161 558 4224 formam
582 4183 652 4224 esse
674 4171 693 4210 ν’
708 4163 712 4227 1
728 4185 746 4212 ν
759 4185 777 4210 υ
789 4175 808 4211 o
827 4164 892 4226 iam
911 4184 1009 4246 supra
1028 4161 1209 4248 significavi
1227 4185 1257 4246 p.
1268 4179 1348 4227 cxlx

207 4265 314 4348 [369]:
347 4288 405 4331 nec
429 4267 576 4350 exempla
600 4268 663 4331 nisi
688 4273 798 4352 aperte
822 4273 975 4353 corrupte
998 4271 1140 4352 exstant,
1172 4271 1209 4332 ut
1230 4267 1347 4332 Teren·

203 4372 487 4450 616666666αά66,
510 4373 561 4437 vel
585 4371 651 4437 Mil.
670 4371 727 4456 IV,
737 4375 766 4458 3,
777 4376 818 4439 37
842 4381 878 4439 ct
899 4376 1035 4456 66616666
1058 4373 1143 4458 quod
1168 4374 1347 4440 editoribus

204 4499 417 4508 ——---—-.

311 4551 337 4616 6)
358 4547 410 4618 [ef.
429 4547 499 4602 Nov.
519 4563 576 4602 exc.
598 4547 687 4600 Plaut.
708 4547 719 4599 1
738 4566 765 4616 p.
785 4549 840 4618 93]
