3338 5072
549 437 816 486 sununsmouis
839 437 1050 484 Phavrlnan.
1309 420 1373 485 347

231 579 457 646 dubitandum·
478 581 557 665 qnin
586 602 624 646 ea
651 583 771 664 aetate,
804 601 867 664 qua
895 579 1026 644 criticae
1059 579 1256 645 recensionis
1289 579 1320 643 h.
1349 603 1375 645 e.
1389 603 1456 644 ron

230 687 396 773 legitimae
420 687 576 752 ἐκδόεεωε
601 691 687 752 certo
712 686 845 752 oonsilio
870 691 1037 770 susceptae
1061 691 1095 750 et
1118 686 1158 750 ad
1179 687 1259 752 artis
1279 687 1376 752 ratio·

230 816 301 858 nes
316 797 450 878 paratae
480 794 636 859 beneficio
666 800 872 878 posterorum
901 793 1080 859 commodis
1112 794 1294 882 consultum
1326 800 1377 859 est

230 898 342 988 (quam
370 921 431 987 ego
460 904 601 966 aetatem
627 923 693 966 non
720 901 844 966 minore
876 921 973 984 quam
1004 898 1143 964 duorum
1173 901 1375 966 saeculorum

230 1008 403 1074 intervallo
427 1007 468 1073 ab
491 1008 593 1091 ipsius
618 1012 722 1074 morte
745 1011 860 1093 poetae
885 1007 1059 1072 discretam
1083 1005 1253 1094 suspicor),
1276 1008 1376 1073 etiam

231 1115 482 1180 scribendorum
504 1115 735 1180 vocabulorum
769 1115 947 1199 antiquitas
984 1113 1103 1198 partim
1141 1106 1207 1178 iam
1239 1115 1377 1180 evanida

230 1223 329 1288 fuerit
352 1221 385 1285 in
408 1219 569 1286 Plautinis
594 1221 845 1305 exemplaribus,
872 1220 995 1305 partim
1026 1220 1066 1284 ad
1094 1222 1282 1286 recentioris
1306 1243 1378 1288 con·

232 1327 412 1394 suetudinis
434 1349 582 1391 normam
606 1327 715 1392 dedita
738 1349 838 1411 opera
861 1328 906 1392 sit
929 1325 1059 1390 deflexa.
1098 1326 1300 1412 Quamquam
1323 1329 1375 1394 vel

232 1435 278 1500 sic
298 1435 456 1518 quaedam
475 1456 551 1499 sane
571 1434 673 1518 ipsius
692 1434 865 1499 vetustatis
885 1432 1024 1517 vestigia
1048 1433 1115 1497 sive
1139 1456 1215 1500 casu
1237 1436 1376 1520 relinqui

232 1543 299 1607 sive
318 1543 440 1606 servari
458 1541 593 1606 consilio
612 1545 798 1625 potuerunt:
813 1563 876 1625 quo
892 1540 1031 1605 fortasse
1045 1539 1199 1606 melotam
1213 1541 1293 1606 illud
1308 1564 1377 1626 per·

230 1650 315 1714 tinet
328 1671 388 1733 pro
402 1649 561 1713 amassem
575 1645 627 1732 (ut
639 1649 742 1714 consol
756 1648 886 1732 antique
901 1669 961 1733 pro
975 1645 1094 1733 masal)
1109 1647 1144 1711 in
1159 1647 1376 1713 Ambrosiano

230 1759 393 1840 repartum
411 1755 498 1820 Tria.
513 1755 626 1840 v.535,
650 1755 839 1840 praesertim
862 1777 935 1819 cum
954 1754 1052 1819 etiam
1075 1753 1305 1836 [Pseud.1035
1328 1777 1377 1820 cc·

230 1865 370 1944 oletum]
390 1862 641 1947 Mere.111‚4,c
659 1863 829 1928 mactatum
848 1862 881 1926 in
899 1862 934 1926 B
953 1862 1004 1926 sit.
1028 1861 1152 1926 Verum
1171 1863 1270 1926 etiam
1284 1860 1378 1926 Tibe·

231 1973 323 2037 riana
340 1970 576 2037 Neronianam
591 1973 698 2034 aetate
716 1968 854 2054 probata
873 1969 1093 2053 grammaticis
1114 1968 1273 2034 scribendi
1293 1968 1377 2034 ratio

230 2101 326 2144 nemo
354 2077 457 2143 nescit
485 2100 581 2162 quam
610 2077 654 2141 sit
681 2076 825 2158 difficile,
858 2075 962 2159 qualis
991 2075 1122 2140 tandem
1145 2075 1258 2158 fuerit,
1290 2077 1377 2139 certo

232 2185 374 2268 definire,
398 2206 470 2248 eum
493 2183 551 2247 illa
573 2205 613 2248 ne
637 2183 670 2247 in
691 2181 935 2266 antiquissimos
956 2182 1083 2266 quidem
1102 2181 1229 2247 codices
1248 2185 1376 2247 nostros

231 2292 280 2357 ita
307 2295 488 2376 propagata
517 2291 575 2374 sit,
602 2289 636 2353 hi
661 2294 784 2355 utnon
808 2311 825 2352 e
848 2288 1065 2373 posteriorum
1089 2289 1286 2372 contagione
1309 2310 1377 2354 sae-

233 2400 377 2464 culorum
406 2397 533 2462 novicia
563 2396 666 2460 multa
692 2396 858 2461 traxerint
903 2394 989 2459 Hinc
1017 2396 1115 2460 trium
1140 2399 1284 2461 aetatum
1309 2417 1377 2461 suc·

231 2506 408 2589 cessiones,
439 2507 623 2569 nostrorum
655 2503 788 2568 testium
817 2503 974 2568 memoria
997 2503 1187 2589 mixtarum,
1220 2507 1377 2588 quantum

231 2611 300 2676 fieri
332 2610 437 2694 possit
469 2609 648 2674 discernere
680 2609 838 2673 iubemur.
890 2608 1003 2694 Velut,
1036 2613 1072 2674 ut
1105 2610 1262 2695 exemplis
1294 2613 1377 2694 utar,

231 2739 304 2782 oum
328 2717 452 2800 primae
475 2715 592 2780 aetatis
616 2715 756 2780 inissent
778 2735 944 2780 emersam
966 2717 1134 2782 oiniuorsei
1150 2723 1311 2800 sequontor
1328 2717 1377 2782 ob·

231 2825 326 2888 'micat
336 2824 511 2906 ploiramos
524 2823 663 2906 poplicoi
680 2823 787 2888 clusas
809 2822 942 2906 formae,
965 2824 1092 2888 mediae
1115 2824 1246 2890 fuerunt
1267 2825 1377 2889 odacr-

232 2951 315 3010 sam,
338 2931 498 2994 uaiaorsei
521 2930 571 2992 vel
594 2930 752 3008 riaiaorsi,
775 2935 940 3012 ceqrcoatar
964 2930 1014 2994 vel
1039 2938 1182 2996 sensatur
1203 2931 1255 2995 val
1278 2931 1377 2994 etiam

232 3043 387 3120 wastin,
410 3036 552 3114 obiciant,
571 3037 752 3118 plurumas,
769 3036 914 3118 prrplicce
938 3037 987 3100 vel
1006 3039 1158 3120 publicae,
1181 3039 1304 3104 classes
1325 3037 1377 3102 vel

231 3145 347 3222 classis,
370 3143 486 3207 tertiae
511 3147 587 3206 sunt
609 3145 774 3208 aduersam
796 3144 938 3207 uniuersi
954 3151 1123 3226 soporantur
1141 3147 1289 3210 obiiciant
1304 3145 1378 3228 pla·

234 3254 333 3316 rienes
345 3251 489 3332 publicae
506 3250 624 3315 casses.
656 3249 725 3314 Has
749 3255 858 3314 tamen
884 3253 1008 3316 aetates
1031 3253 1243 3338 propriasque
1267 3275 1377 3318 earum

232 3359 353 3423 formas
377 3379 433 3423 eur
456 3379 522 3421 non
545 3357 642 3422 liceat
666 3361 717 3421 sat
736 3357 832 3421 certis
851 3357 937 3421 inter
956 3380 991 3422 se
1009 3359 1127 3424 finibus
1148 3359 1378 3443 discriminare,

232 3467 296 3531 tria
324 3465 532 3550 potissimum
560 3465 594 3528 in
623 3486 739 3529 caussa
767 3467 855 3528 sunt:
889 3465 1043 3549 primum,
1075 3468 1159 3551 quod
1183 3471 1217 3531 et
1239 3489 1377 3550 pronun·

232 3573 336 3638 tiandi
366 3577 399 3635 et
426 3571 587 3636 scribendi
612 3571 696 3637 ratio
721 3593 787 3636 non
810 3575 955 3656 repente,
987 3572 1042 3636 sed
1066 3573 1238 3656 paullatim
1262 3573 1376 3638 immu-
1391 3592 1471 3633 xcnr

233 3685 304 3746 tata
332 3683 382 3744 est
409 3679 543 3764 ipsaque
572 3679 658 3743 vitae
688 3677 919 3742 consuetudine
946 3700 1012 3742 non
1039 3685 1216 3764 potuerunt
1238 3704 1303 3747 non
1327 3704 1378 3746 eo·

233 3788 307 3852 dem
332 3791 477 3869 tempore
501 3784 646 3849 diversae
670 3785 903 3851 vocabulorum
926 3784 1050 3850 formae
1070 3787 1118 3851 sui
1138 3788 1277 3854 vicariae
1295 3792 1378 3853 tam-

234 3896 289 3959 diu
312 3893 347 3956 in
371 3913 431 3955 usu
451 3913 529 3973 esse,
553 3892 706 3976 quamdiu
725 3915 790 3956 non
810 3914 942 3977 prorsus
963 3893 1087 3958 abolita
1105 3897 1289 3978 antiquiore
1308 3894 1378 3959 sola
1471 3887 1473 3892 ’

233 4003 385 4085 regnaret
407 3999 580 4082 recentior3
604 3999 751 4082 alterum,
775 3998 860 4082 quod
884 3999 1070 4084 discrepans
1095 4001 1134 4065 de
1157 4001 1270 4066 multis
1293 4001 1377 4083 ipso-

233 4130 305 4172 rum
320 4106 468 4171 doctrina
483 4106 770 4189 grammaticorum
789 4105 861 4190 fuit,
880 4128 1017 4190 quorum
1037 4108 1145 4173 studio
1165 4107 1204 4172 ad
1224 4105 1377 4171 certiores

232 4215 322 4300 leges
350 4219 385 4278 et
408 4212 549 4297 aliquam
574 4212 836 4297 aequabilitatem
861 4211 923 4277 hoc
945 4233 1049 4298 genus
1074 4237 1167 4280 omne
1190 4215 1376 4279 revocatum

233 4325 297 4405 est;
320 4319 465 4402 tertium,
488 4317 573 4402 quod
596 4317 744 4402 fontium,
767 4341 787 4382 a
810 4318 926 4402 quibus
946 4319 1153 4384 ratiocinatio
1175 4321 1289 4383 nostra
1312 4339 1378 4382 om·

172 4451 175 4462 ·
234 4429 287 4492 nis
315 4426 539 4512 proficiscatur
567 4428 710 4507 oportet,
743 4446 762 4488 a
784 4423 992 4490 librariorum
1017 4425 1164 4490 socordia
1187 4429 1220 4489 et
1242 4424 1377 4489 incredi-

235 4533 296 4597 bili
318 4531 538 4597 inconstantia
555 4535 624 4595 tam
643 4529 742 4595 dubia
760 4531 906 4595 condicio
925 4535 983 4615 est,
1002 4535 1038 4596 ut
1057 4553 1153 4616 saepe
1171 4554 1238 4598 non
1257 4531 1378 4597 habeas
