3338 5072
318 373 382 438 336
605 390 866 440 rnonsocnnns
890 391 937 438 nn
962 390 1172 440 nsrrcsrsvs

318 535 470 619 quiddam
496 537 611 618 exstet,
634 535 731 621 quale
753 535 898 602 buturum
918 535 963 602 sit
980 536 1071 601 velut
1091 533 1303 612 satelliam,
1326 556 1347 599 a
1367 539 1466 617 satir,

316 641 449 707 catellas
472 640 613 726 ductum,
635 643 798 708 satelliam
820 644 944 708 animae
967 646 1003 707 ut
1027 641 1072 706 sit
1094 640 1221 706 animae
1245 641 1377 724 plenum
1400 663 1465 706 nou

318 748 467 833 salinum,
491 748 546 813 sed
567 750 698 816 omnino
719 750 934 834 vasculum,
958 772 1030 815 oum
1049 747 1127 814 salis
1146 747 1354 833 potissimum
1372 749 1465 813 notio

318 854 359 920 ad
383 855 567 920 sententiae
589 856 656 921 vim
680 857 812 923 minime
835 857 1026 943 requiratur.
1037 854 1069 944 *)
1094 894 1137 903 -
1170 853 1283 921 Simile
1307 852 1466 938 estquod

319 985 348 1026 v.
371 963 437 1026 512
461 984 499 1026 ex
523 962 734 1028 Ambrosiani
758 964 904 1050 vestigiis
928 964 1049 1029 conieci
1074 987 1132 1048 pro
1155 963 1275 1028 natiue
1298 960 1386 1026 aliud
1409 982 1465 1024 no·

318 1090 392 1132 meu
422 1069 552 1153 aliquod
583 1070 652 1134 sive
681 1070 717 1134 in
748 1071 849 1136 veteri
878 1071 993 1155 lingua
1023 1071 1091 1136 sive
1122 1071 1156 1135 in
1188 1070 1274 1136 vitae
1297 1091 1359 1134 usu
1381 1090 1465 1133 oom-

321 1175 411 1240 muni
435 1175 613 1259 exstitisse,
637 1177 723 1262 quod
747 1200 768 1242 a
790 1195 836 1244 To
859 1178 978 1244 litteris
1001 1178 1172 1262 inciperet:
1204 1176 1301 1261 quale
1325 1174 1465 1259 exempli

280 1311 283 1318 ⁴
319 1303 434 1347 caussa
463 1283 618 1366 proposui
652 1285 914 1363 toleratr'ieem,
946 1285 1078 1350 mallem
1106 1283 1243 1367 exempli
1272 1283 1465 1348 auctoritate

319 1387 527 1473 positum.**)
545 1425 581 1435 -
600 1386 819 1474 Singularium
835 1392 902 1456 sire
917 1392 1147 1457 vocabulorum
1167 1391 1235 1456 sive
1255 1389 1465 1476 significatio-

214 1523 303 1563 nxxx
318 1516 396 1558 num
410 1494 496 1559 idem
511 1495 543 1560 Α
558 1495 658 1560 etiam
672 1497 752 1562 alibi
765 1520 830 1562 non
845 1498 939 1562 testis
953 1499 1057 1584 magis
1072 1519 1169 1582 quam
1184 1498 1356 1583 ambiguus
1371 1495 1466 1562 index

321 1605 382 1684 est,
411 1603 499 1666 velut
526 1625 555 1668 v.
578 1604 644 1669 335
673 1603 827 1668 exhibens
855 1609 892 1668 ut
919 1605 1047 1669 videtur
1069 1605 1379 1688 praemandatum
1406 1625 1465 1687 pro

313 1709 538 1791 praedicatam,
556 1716 590 1775 et
605 1732 664 1794 pro
681 1713 863 1794 aripatorsas
885 1733 913 1776 v.
933 1713 998 1778 844
1015 1729 1110 1777 nsua
1126 1747 1133 1761 ·
1147 1729 1281 1791 ronias,
1305 1733 1369 1796 quo
1388 1709 1465 1795 quid

320 1814 438 1881 faciam
452 1817 569 1900 neseio,
583 1817 647 1883 uisi
664 1819 751 1903 quod
765 1841 829 1884 non
847 1819 955 1884 deberi
968 1819 1084 1884 calami
1101 1820 1207 1905 lapsui
1225 1811 1465 1903 intellegam)

319 1921 438 1987 Mirum
453 1924 552 1988 etism
567 1947 595 1989 v.
607 1924 672 1990 643
687 1943 886 1992 surannae
901 1926 977 2008 [he.
988 1929 1207 2012 surranum]
1221 1949 1280 2012 pro
1295 1929 1466 2008 anteparta.

322 2027 469 2095 -Versu
488 2035 597 2096 tamen
618 2032 684 2097 644
703 2030 756 2118 (ut
773 2057 900 2099 rursum
922 2033 962 2098 ad
983 2035 1094 2118 paullo
1124 2035 1264 2101 certiora
1286 2027 1466 2116 transeam)

320 2135 404 2200 haud
424 2137 492 2202 seio
512 2159 554 2202 an
573 2160 632 2223 pro
650 2140 774 2218 uindex,
797 2140 913 2224 inquo
935 2139 1126 2225 corrigendo
1146 2139 1251 2205 critici
1270 2142 1466 2223 sategerunt,

321 2246 359 2306 tu
385 2243 472 2308 obes
498 2267 564 2309 non
593 2245 661 2310 sine
684 2245 918 2329 probabilitate
942 2247 1140 2331 scripserim,
1163 2267 1359 2331 quamquam
1383 2246 1467 2309 litte

320 2369 428 2413 rarum
453 2349 664 2418 similitudine
687 2373 752 2418 nou
776 2375 915 2419 summa:
938 2376 1019 2438 quae
1039 2375 1100 2418 ror
1119 2351 1342 2437 impedimenti
1361 2351 1466 2415 notio·

320 2475 394 2520 nem
418 2457 517 2523 etiam
539 2456 659 2523 Persae
675 2456 716 2540 lI,
732 2459 761 2542 2,
777 2459 817 2524 21
843 2459 955 2525 habat:
978 2459 1257 2524 eommoraadamst
1278 2457 1364 2539 apud
1385 2456 1465 2519 hanc

320 2560 482 2646 obicem.†)
527 2561 614 2628 Nam
639 2564 799 2630 vindicem
821 2565 950 2650 quidem
974 2587 1039 2631 uon
1061 2586 1158 2649 posse
1182 2565 1248 2629 ullo
1272 2567 1368 2648 pacto
1392 2583 1465 2626 eum

323 2723 536 2734 ——n——..-.

410 2809 436 2878 ⁴¹)
455 2810 509 2881 [Er
528 2811 702 2867 Addsndis
721 2831 745 2882 p.
766 2825 908 2866 cccxxIv:
929 2811 968 2880 ‘p.
987 2824 1086 2864 cmx
1104 2808 1208 2882 expetii
1227 2809 1467 2880 quadrisyllabum

321 2897 429 2954 vasculi
456 2917 558 2956 nomen
586 2901 714 2970 aliquod,
742 2900 817 2970 quod
839 2899 914 2955 Trio.
934 2917 960 2956 v.
980 2905 1032 2954 492
1061 2899 1131 2956 duce
1157 2899 1342 2955 Ambrosiauo
1369 2899 1466 2955 codiee

320 2987 350 3042 in
383 2991 528 3059 suspectae
560 2991 682 3045 satillum
714 2989 820 3045 turmae
855 2991 948 3045 locum
975 2990 1197 3046 substitueretur.
1244 2989 1312 3044 Tale
1347 2990 1400 3044 etsi
1432 3005 1466 3042 ue

320 3094 394 3132 nunc
412 3077 526 3146 quidem
544 3077 647 3148 inveni,
666 3083 760 3134 tamen
779 3079 802 3133 si
821 3078 893 3134 torte
912 3079 941 3134 iu
960 3079 1107 3148 trisyllaba
1124 3079 1216 3134 torma
1233 3077 1466 3148 acquiescendum

321 3164 359 3219 sit
377 3164 586 3235 quadrisyllabo
605 3168 713 3223 animai
731 3167 862 3238 genetivo
881 3167 989 3235 iuncta,
1012 3171 1127 3239 praesto
1146 3167 1230 3223 sitin
1249 3167 1374 3223 stbaei
1392 3167 1466 3238 glos·

321 3253 401 3308 sariis
419 3272 447 3325 p.
459 3260 510 3310 323
525 3255 568 3312 ed.
583 3256 670 3312 Laud.
687 3259 851 3312 annotatum
870 3258 1041 3313 <sitellam
1060 3259 1186 3326 κάδιον»,
1204 3272 1254 3327 pro
1272 3274 1328 3324 quo
1346 3274 1362 3312 a
1381 3255 1466 3326 scrip·

320 3343 427 3398 toribus
446 3345 536 3400 sitella
554 3347 665 3400 tantum
685 3349 714 3401 st
740 3347 826 3402 situla
853 3346 956 3402 formas
983 3347 1130 3404 novimus!
1169 3347 1299 3402 Ceterum
1326 3345 1401 3414 quod
1430 3345 1466 3400 ab
1516 3395 1520 3406 .

321 3431 512 3488 Hildebrando
531 3435 704 3505 exspectarit
721 3435 904 3504 Bitscheliua
929 3437 1047 3492 Gustavi
1065 3435 1170 3492 Laevii
1189 3435 1287 3506 copias
1305 3435 1466 3506 suppedita-

319 3525 385 3575 runt
403 3523 528 3576 batillum
546 3523 673 3592 (animoa)
692 3525 827 3579 eruentis:
847 3525 881 3580 ci.
902 3525 1003 3596 Opusc.
1022 3524 1092 3595 phil.
1110 3525 1150 3578 lll
1169 3543 1196 3594 p.
1217 3526 1331 3597 793sq.]

393 3608 435 3678 ”i
454 3611 490 3682 [Α
510 3627 576 3666 vero
597 3628 626 3667 se
645 3613 788 3668 aberrasse
807 3615 862 3670 hoc
881 3613 943 3669 loco
962 3617 1062 3684 postea
1079 3612 1166 3669 sensit
1186 3613 1356 3669 ltitschalins
1374 3615 1464 3668 autri-

322 3715 376 3754 csar
393 3697 574 3771 relinquens]

375 3787 433 3858 m)
453 3789 691 3860 [samosronras
713 3791 769 3856 As;
788 3790 823 3844 cl.
843 3789 945 3860 Opusc.
964 3789 1033 3860 phil.
1052 3790 1077 3844 ll
1095 3808 1122 3859 p.
1142 3790 1216 3861 saa]

412 3880 442 3949 †)
471 3879 524 3950 [Ex
551 3878 730 3934 Addendis
756 3897 783 3949 p.
803 3892 945 3934 cccxxrv:
973 3879 1016 3949 ‘p.
1036 3893 1121 3933 nm
1148 3879 1309 3936 dubitanter
1336 3879 1467 3936 defensae
1546 3915 1552 3927 ·

321 3969 513 4035 coniecturae,
541 3985 596 4038 qua
620 3967 818 4037 inexplicabile
841 3965 932 4022 visum
952 3987 976 4022 v.
998 3973 1049 4023 644
1068 3969 1173 4023 airsdsx
1190 3985 1292 4024 nomeu
1310 3969 1419 4024 mutavi
1436 3968 1466 4023 in

323 4064 353 4111 iu
372 4060 447 4124 obes,
465 4057 535 4112 illud
554 4058 666 4113 obstare
685 4056 767 4112 video
786 4055 862 4125 quod
879 4054 989 4112 Phocas
1008 4058 1129 4112 testatru
1146 4074 1173 4126 p.
1194 4063 1276 4112 1709:
1296 4057 1371 4113 «slis
1390 4057 1467 4112 abia

322 4149 413 4201 tinum
436 4149 547 4202 tantum
570 4145 676 4201 habeut
698 4145 727 4200 in
750 4145 886 4217 singulari
908 4161 1036 4214 numero,
1064 4147 1097 4200 ut
1118 4147 1153 4200 ab
1175 4146 1225 4200 boc
1246 4146 1336 4218 scapi,
1365 4148 1400 4202 ab
1418 4147 1467 4201 boe

323 4235 408 4300 obice,
436 4237 471 4290 ab
489 4236 541 4290 bae
560 4251 652 4305 prece,
680 4235 714 4290 ab
737 4233 787 4289 boc
809 4235 936 4289 sucas.»
974 4234 1056 4301 Quod
1077 4235 1259 4304 praeceptum
1279 4235 1333 4290 atsi
1351 4251 1407 4291 uon
1426 4237 1468 4288 est

323 4324 399 4380 omni
422 4341 455 4380 er
479 4326 558 4394 parte
581 4341 692 4392 verum,
720 4341 783 4378 cum
807 4323 882 4393 apud
905 4322 997 4392 ipsum
1020 4322 1153 4380 Plautum
1178 4324 1264 4382 etiam
1289 4323 1467 4380 accusativus

323 4413 423 4468 οὺίειπι
441 4416 540 4480 exstet,
559 4417 655 4468 tanim
673 4414 768 4468 nescio
785 4429 822 4467 an
837 4428 899 4466 eam
913 4411 970 4466 vim
985 4412 1090 4468 habeat
1103 4415 1135 4468 ut
1148 4413 1248 4467 sallem
1262 4411 1467 4468 nominativum

323 4499 409 4556 luisse
427 4501 592 4556 inusitatum
611 4500 787 4571 persuadeat.
824 4499 927 4556 Contra
951 4501 1055 4558 uindex
1078 4501 1133 4556 uisi
1151 4501 1224 4557 torta
1242 4501 1271 4556 iu
1290 4501 1383 4571 prisca
1400 4501 1464 4558 lati·
