3306 5070
334 427 495 476 GEDICHT
518 427 586 475 ΔΗΕ
610 429 671 474 DIE
695 425 878 476 seflLAcflT
902 427 972 474 VON
996 427 1255 476 BREI'I'ENFELD.
1300 411 1365 476 693

265 571 417 650 Θεςπεςίη
441 569 471 634 δ’
494 572 601 636 αὐτῶν
624 571 696 650 ἰαχὴ
721 571 821 648 μέγαν
844 569 986 649 οὐρανὸν
1008 569 1083 648 ἷξεν,

235 701 239 710 ’
263 679 387 757 Τεύχεα
411 676 439 742 δ’
461 678 531 743 αὖτ’
553 677 710 758 ἀράβηςεν
733 676 784 742 ἐπ’
806 676 905 757 ὤμοις
927 677 1119 755 αἰχμητάων.
1327 695 1362 743 οο

264 786 347 850 Τοὺς
371 783 399 848 δ’
422 783 470 849 δι’
492 786 529 850 ἐν
552 785 763 864 ὀφθαλμοῖςιν
785 782 856 848 ἴδεν
878 783 1058 862 μεγάθυμος
1081 782 1259 864 Ἀδολφος,

260 892 412 976 (κήπτριμ
436 891 637 971 ἐρειςάμενος
661 889 729 956 ἔπε’
752 889 801 956 οἷς
824 889 961 969 ἑτάροιςι
985 891 1139 970 μετηύδα·

308 1103 350 1169 Ὠ
373 1103 472 1184 φίλοι,
495 1105 598 1184 ἥρωες
622 1102 740 1182 Γότθοι,
764 1102 960 1180 θεράποντες
983 1101 1112 1181 Ἄρηος,
1215 1073 1217 1076 V

258 1212 343 1276 Αἰδῶ
367 1210 449 1277 θέςθ’
473 1210 522 1275 ἐνὶ
544 1214 641 1294 θυμῷ,
663 1211 717 1275 ἵνα
741 1211 833 1274 κλέος
856 1209 970 1274 ἐςθλὸν
995 1207 1101 1288 άρητε,

197 1377 200 1384 ,
259 1317 305 1382 Τό
328 1318 369 1398 ῥα
393 1319 444 1383 καὶ
466 1319 656 1396 ἐςςομένοιςι
680 1314 746 1395 μετ’
769 1313 963 1395 ἀνθρώποιςι
986 1317 1128 1395 πέληται.
1325 1337 1360 1385 οτι

305 1531 364 1595 Ὣς
388 1529 494 1610 ἔφατ’·
517 1531 549 1596 οἱ
571 1529 600 1596 δ’
623 1529 685 1609 ἀρα
708 1528 827 1594 πάντες
849 1527 1042 1595 ἀκούςαντες
1066 1534 1214 1612 βαςιλῆος

261 1641 396 1705 Μᾶλλον
419 1639 613 1719 ἐφώρμηςαν
636 1638 817 1717 πολεμίζειν
840 1636 896 1715 ἠδέ
920 1637 1080 1726 μάχεςθαι,

257 1745 440 1824 Φρόξαντες
463 1746 542 1825 δόρυ
566 1746 665 1824 δουρί,
689 1745 783 1811 ςάκος
807 1743 892 1810 ςάκείΙ
914 1745 1093 1810 κλίναντες·

259 1852 374 1931 Ἔγχος
398 1850 449 1932 ἀρ’
471 1851 567 1931 ἔγχος
589 1851 701 1932 ἔρειδε,
719 1852 820 1930 Ικόρυς
842 1851 949 1930 κόρυν,
972 1851 1072 1930 ἀνέρα
1095 1850 1125 1916 δ’
1146 1851 1241 1932 ἀνήρ·

255 1959 309 2023 Ὡς
333 1960 447 2024 πυκνοὶ
470 1959 602 2038 δηίοιςιν
625 1960 803 2038 ἐφέςταςαν
827 1957 1017 2038 ἀντιβίοιςιν.

300 2171 405 2251 Αὐτὰρ
428 2171 497 2236 ἐπεί
520 2170 550 2251 ῥ’
572 2171 676 2236 αὔτως
695 2173 728 2235 ἲς
750 2171 889 2236 Τιλλύου
913 2170 1145 2251 όμβριμοεργοῦ

258 2275 349 2355 Χέρς’
371 2277 434 2341 ὕπο
459 2279 640 2357 δυςμενέων
662 2277 865 2356 τρωπόιςκετο
890 2279 1151 2358 χαλκοχιτώνων,

260 2383 351 2448 Αὖτις
374 2382 425 2460 ὅγ’
447 2382 536 2448 ἀίξας
559 2385 611 2448 ἐπὶ
635 2383 765 2450 (αξόςιν
789 2383 836 2463 ἂψ
858 2384 1015 2464 ἐλελίχθη.

258 2491 313 2555 Ὠς
333 2489 362 2554 δ’
384 2489 432 2554 ὅτ’
455 2489 520 2555 ἀπὸ
544 2491 694 2570 Ζέφυρος
717 2493 863 2570 δένδρων
887 2493 1062 2556 κατέςειςεν
1086 2491 1217 2573 ὀπώρας

257 2599 345 2663 Ῥεῖα
368 2596 448 2677 μάλ’,
473 2597 606 2663 διττῶν
629 2599 687 2676 μὲν
710 2601 844 2677 νήριθμα
866 2597 988 2676 κάρηνα
1011 2598 1175 2679 δάμαςςεν,
1306 2618 1356 2666 ιοο

254 2704 366 2784 Ὀφρα
390 2705 485 2770 λίπον
508 2705 696 2784 φεύγοντες,
719 2703 899 2769 ἀνάλκιδεςί
924 2705 1068 2784 οὐλαμὸν
1091 2704 1229 2785 ἀνδρῶν.

299 2917 382 2982 Ἕως
405 2916 444 2982 οὖ
467 2915 555 2982 ταῦτ’
578 2919 713 2996 ἐπέρηνε
738 2919 794 2982 ςὺν
817 2917 988 2996 λφθίμοιςιν
1011 2917 1160 2996 ἑταίροις,

255 3023 389 3090 Ἐξέλας’
412 3026 445 3090 ἐς
469 3027 593 3103 πληθὺν
615 3023 705 3103 ἱερὸν
727 3025 823 3103 μένος
846 3023 1069 3103 Αἰγειρώδους,

256 3131 316 3197 Ὅς
338 3134 472 3198 Ζαθέοος
497 3130 632 3196 Γότθους
656 3131 787 3208 δηίοιςιν
810 3129 862 3195 ἐπ’
882 3132 983 3210 ἤγαγε
1008 3135 1128 3210 φῶτας,

255 3238 394 3302 Τιλλιίου
418 3236 651 3318 ὀμβριμοεργοῡ
675 3235 807 3322 ἀμαυρῷ
831 3239 919 3301 κύδεϊ
941 3237 1053 3313 γαίων.

253 3344 397 3408 Ἔπτάκις
420 3342 487 3408 ἔνθ’
505 3343 681 3422 ἐπόρουςεν
704 3343 877 3422 ἀναρρῆξαι
901 3344 1087 3422 μενεαίνων,

254 3450 398 3516 Ἑπτάκις
422 3448 492 3513 αὖτ’
515 3449 679 3528 ἀνεχάζετ’
697 3449 775 3514 άναξ
799 3449 903 3515 ἀέκων
926 3471 987 3528 περ
1011 3449 1145 3533 ἀνάγκη·

255 3557 372 3622 Ἄλλος
396 3555 424 3620 δ’
443 3555 543 3620 ἄλλον
567 3555 699 3635 ἔπεφνε,
724 3557 773 3621 καὶ
797 3557 908 3636 ἔρρεεν
927 3558 1032 3635 αἵματι
1056 3563 1141 3634 γαῖα.

256 3661 430 3729 Ἀθάνατος
453 3663 488 3726 δὲ
512 3663 586 3726 θεὸς
609 3664 717 3727 δεινὸν
740 3665 834 3741 τέρας
857 3663 912 3741 ἡκε
937 3667 1065 3742 χαμᾶζε,

258 3769 370 3834 Αἰετὸν
389 3769 555 3848 ὑψιπέτην,
580 3768 652 3847 μάλ’
674 3767 898 3848 ἀγαλλόμενον
923 3771 1133 3850 πτερόγεςςιν.
1303 3787 1353 3836 ιιι

256 3877 322 3941 Τὸν
345 3874 375 3940 δ’
397 3877 467 3941 ἐπεὶ
486 3877 545 3941 οὖν
568 3876 699 3955 ἐνόηςεν
722 3878 758 3942 ἐν
781 3877 1015 3956 Αὐςτριακοῑςιν
1038 3879 1176 3957 έκαςτος,

259 3983 327 4049 Ὠκ’
350 3983 595 4063 άνεχωρήςαντο
619 3985 728 4063 μάχης,
752 3988 851 4064 λῆξαν
874 3987 909 4048 δὲ
933 3985 1060 4065 φόνοιο.

255 4089 351 4155 Ταῦτ’
374 4091 426 4155 ἐπὶ
450 4089 594 4169 δεξιόφιν
617 4097 760 4171 ςτρατιῆς
783 4091 977 4170 ἀνεφαίνετο
1001 4091 1088 4171 ἔργα.

298 4302 372 4368 Εἶτα
396 4305 431 4367 δὲ
455 4304 608 4380 τέτρατον
631 4303 719 4367 αὖτις
742 4303 967 4382 ἀμαιμακέτοιο
991 4307 1098 4384 δεδήει

256 4409 385 4475 Νείκεος
408 4409 602 4488 ἀμφοτέροις
626 4410 717 4475 λαοῖς
740 4411 937 4489 πολύπικρος
961 4412 1054 4490 ἐρωή.

254 4517 403 4596 Δεότερα
426 4516 487 4596 γάρ
510 4537 545 4581 τε
569 4515 673 4596 μάχην
697 4513 799 4595 ιάρςεν
822 4519 902 4597 μέγα
925 4518 1063 4584 Τιλλύου
1087 4519 1178 4599 ἦτορ·
