3332 5074
531 433 791 482 aaaronrroms
816 433 1022 482 curvarum.
1291 417 1356 482 483

211 583 389 662 oxytonum
412 579 554 642 arrianam
577 579 744 644 dicendum
761 585 906 644 estnon
929 581 1001 664 plus
1026 579 1216 644 intentionis
1236 579 1355 643 habere
1370 605 1463 646 ccnnr

213 703 310 768 quam
335 685 363 750 si
386 686 419 750 in
439 686 524 750 thesi
543 687 631 750 velut
650 687 695 750 sic
715 686 883 752 deliteseat
903 687 951 750 Tri
969 689 997 751 si
1016 687 1157 750 anticam
1175 687 1359 768 comparasti

205 795 318 873 poliac,
340 813 398 857 neo
418 795 596 858 sentcntiae
616 815 681 856 non
701 795 799 858 etiam
818 793 924 858 media
943 793 975 858 vi
994 793 1183 857 intentionis
1199 793 1357 857 satisfieri.

210 898 292 962 ltem
312 897 428 962 Bacch.
443 921 475 965 v.
499 900 561 964 188
578 900 672 982 [220]
693 921 765 964 cum
785 901 945 964 sententia
963 899 1076 964 extolli
1094 903 1167 964 cari
1190 901 1358 965 notionem

211 1005 334 1069 iubeat:
364 1027 402 1069 ea
430 1027 502 1070 cum
531 1007 708 1070 fortissime
738 1029 815 1070 sane
843 1008 933 1072 velut
956 1007 1018 1072 hoc
1040 1008 1186 1092 exemplo
1211 1011 1357 1072 acuatur:

209 1112 356 1177 Fortasse
377 1115 431 1177 tati
453 1115 531 1178 (trivo
553 1116 619 1177 iam
643 1115 718 1196 (lpus
740 1119 791 1196 est,
815 1118 926 1179 tamen
951 1137 988 1178 ex
1012 1136 1060 1198 eo,
1083 1115 1169 1198 quod
1188 1115 1264 1178 talis
1284 1137 1357 1180 con-

210 1219 363 1283 formatio
394 1220 567 1284 verborum
597 1220 673 1285 iniri
704 1241 768 1285 non
799 1225 923 1306 potest,
954 1243 1020 1285 non
1053 1223 1261 1305 consequitur
1291 1243 1358 1286 non

209 1330 375 1409 praestare
406 1349 479 1390 eum
510 1327 669 1410 ordinem,
700 1328 755 1411 qui
786 1327 896 1412 aliquo
930 1327 1026 1392 modo
1058 1349 1137 1391 caro
1168 1349 1280 1392 vocem
1312 1328 1359 1392 in-

209 1433 326 1497 tendit:
357 1433 443 1497 Nam
472 1437 541 1498 ratic
568 1435 700 1514 fortusse
730 1436 858 1498 aurosi
886 1455 961 1516 opus
993 1431 1103 1519 (quem
1135 1435 1198 1518 ipsi
1232 1434 1358 1498 codices

210 1539 392 1624 praestant)
420 1563 498 1624 prae
525 1562 564 1605 eo
592 1563 655 1624 quo
684 1540 741 1605 illa
769 1563 901 1625 prorsus
929 1541 1156 1625 supprimitur:
1182 1541 1267 1604 Num
1291 1543 1359 1605 istic

207 1647 340 1726 fortasse
361 1669 439 1712 cerro
462 1649 537 1730 epure
559 1653 612 1714 eet.

301 1753 371 1819 Iam
399 1755 472 1819 vide
500 1755 581 1819 mihi
609 1777 692 1838 quac
720 1759 754 1818 et
776 1755 886 1838 qualia
909 1754 976 1818 sint
998 1777 1080 1838 quae
1104 1756 1137 1819 in
1161 1755 1274 1820 eodem
1298 1756 1358 1820 illo

209 1861 370 1945 principio
393 1861 574 1926 Trinummi
605 1867 696 1925 extra
724 1861 822 1926 arsim
852 1862 960 1944 posita
990 1861 1064 1925 sint.
1110 1860 1254 1926 Primum
1291 1885 1358 1928 mo-

209 1967 381 2050 nosyllaba
404 1967 504 2031 habes
534 1968 584 2032 vel
614 1967 749 2031 elisione
778 1967 1007 2052 monosyllaba
1034 1968 1134 2052 facta,
1162 1968 1358 2052 leviorisque

210 2074 366 2139 momenti
395 2073 571 2158 bisyllaba:
604 2073 795 2156 particulas,
828 2073 1035 2158 pronomina,
1067 2075 1136 2138 sine
1169 2075 1285 2158 quibus
1317 2097 1358 2139 ne

209 2183 279 2246 fieri
309 2183 439 2265 quidem
467 2183 638 2246 enuntiata
666 2187 816 2266 possunt:
844 2181 1024 2246 breviculas
1053 2182 1220 2246 nominum
1245 2182 1357 2246 verbo·

209 2311 344 2373 rumque
372 2288 494 2354 formas
522 2289 604 2354 nihil
633 2289 821 2374 insignioris
850 2289 1006 2372 notionis,
1039 2289 1158 2353 nedum
1187 2289 1285 2353 ullius
1318 2289 1358 2352 ad

210 2397 404 2460 sententiam
428 2396 580 2480 ponderis
609 2396 780 2479 quicquam
812 2395 1012 2459 habentium.
1058 2395 1172 2462 Velut:
1200 2395 1359 2478 Sequere

207 2502 265 2565 tric
282 2523 334 2566 me
351 2507 449 2584 paeto
468 2507 508 2566 at
527 2502 641 2566 maiores
661 2502 807 2584 funparts
828 2507 921 2564 taam.
956 2501 1080 2585 Sequor,
1101 2503 1163 2566 secl
1181 2504 1274 2584 linem
1291 2503 1360 2583 fo‘re

208 2629 309 2688 quem
332 2611 433 2673 dicam
455 2611 562 2673 nesae.
608 2609 736 2692 Adest,
764 2609 802 2672 etv
825 2609 896 2672 illae
920 2608 972 2688 [cf.
992 2631 1022 2691 p.
1041 2609 1120 2689 455]
1145 2615 1234 2674 errat
1263 2612 1358 2676 octies.

208 2715 368 2780 Dedeicom
387 2719 415 2780 si
433 2717 575 2797 quidem
590 2715 729 2797 (meam.
744 2765 767 2779 ..
787 2715 870 2778 Hac
887 2736 979 2796 qaae
998 2715 1076 2779 etit
1094 2717 1184 2795 latro,
1203 2719 1306 2782 dicam
1325 2719 1358 2782 si

208 2824 350 2888 animum
377 2824 549 2888 adramitis.
601 2823 747 2886 Primam
774 2823 865 2886 criti
892 2822 1035 2888 Plautus.
1055 2874 1061 2886 .
1081 2873 1114 2888 ..
1145 2824 1234 2888 Tam
1260 2826 1357 2890 illanc

209 2930 300 2993 mitt
326 2951 453 2995 esse...
481 2929 551 2995 Seri
576 2931 612 2993 e'a
634 2931 723 3011 qaid
749 2928 886 2993 tae...
914 2928 1051 3010 Accipite
1078 2935 1112 2993 et
1137 2931 1207 2995 dote
1228 2936 1358 2998 aeduae

208 3040 298 3102 araris
328 3039 411 3102 dum
443 3037 573 3118 e‘loqaor.
617 3037 796 3116 Quoniam
827 3029 859 3101 ev,
890 3037 953 3118 qai
983 3057 1035 3099 me
1066 3037 1358 3104 aleret...Dede'

202 3146 237 3223 ev,-
258 3165 371 3208 meam
391 3149 533 3229 pactam,
556 3148 678 3226 quicum
705 3165 778 3208 aaa
801 3150 930 3208 aetatem
956 3145 1065 3224 limpor.
1111 3143 1243 3209 Sedete
1264 3145 1355 3228 orpu-

208 3255 308 3314 mento
335 3271 379 3314 ae
405 3252 604 3332 exspectatae
623 3301 630 3313 .
652 3303 657 3315 .
682 3251 775 3315 Saue
802 3253 864 3332 qut
891 3250 959 3313 leuc
980 3252 1114 3332 eleuant,
1138 3253 1247 3314 irem
1269 3253 1357 3317 cobis

209 3357 353 3438 aperient.
397 3359 490 3421 Narve
512 3379 568 3422 eros
589 3359 644 3422 lro‘c
666 3365 754 3440 repat
783 3357 824 3422 Vt
847 3359 936 3423 liceat
952 3359 1108 3439 possitve
1129 3357 1224 3421 hanc
1245 3379 1355 3424 nomen
1371 3393 1461 3434 ρων

208 3462 358 3542 fabalem.
407 3462 494 3528 Satis
523 3469 571 3530 cst
600 3465 835 3550 exemplorum,
862 3466 896 3529 in
925 3466 1041 3550 quibus
1070 3471 1204 3530 accentu
1229 3471 1261 3530 et
1284 3489 1357 3533 con-

209 3569 388 3635 iunctiones
413 3575 523 3634 carent
545 3571 730 3657 formaeque
758 3572 914 3637 relativae
940 3573 1205 3656 coagmentandis
1229 3577 1356 3639 tantum

210 3676 385 3741 enuntiatis
409 3677 632 3764 inservientes,
656 3683 688 3742 et
710 3679 792 3744 tales
816 3680 965 3744 notiones
990 3680 1106 3763 quibus
1126 3702 1167 3744 nc
1187 3704 1267 3766 opus
1287 3683 1356 3766 qui·

208 3783 279 3847 dem
312 3787 362 3848 est
392 3782 433 3847 ad
463 3785 643 3850 sententiae
675 3808 836 3850 summam
866 3786 1120 3870 percipiendam,
1151 3788 1207 3852 sed
1236 3793 1292 3852 aut
1315 3789 1356 3853 ad

209 3891 277 3954 eius
300 3891 410 3976 paullo
435 3893 668 3957 accuratiorem
692 3892 911 3957 definitionem
934 3894 1048 3958 autad
1068 3894 1208 3979 aliquem
1228 3899 1356 3958 tantum

209 3999 330 4062 cultum
350 4002 564 4084 ornatumque
584 4000 830 4084 cogitationum.
862 3997 947 4064 Nam
967 4000 1115 4084 intellegi
1135 4001 1264 4085 quidem
1283 4023 1356 4083 pro·

209 4105 293 4169 fecto
322 4105 422 4170 etiam
448 4105 529 4170 haec
556 4110 744 4188 potuerant:
772 4107 902 4188 Sequere
928 4107 986 4172 aaa
1009 4113 1107 4190 praeta
1135 4106 1204 4170 sine
1232 4127 1293 4184 me,
1319 4127 1357 4169 en

209 4211 281 4275 illae
313 4213 400 4276 eccles
422 4213 492 4277 sine
515 4217 600 4296 arnt,
627 4213 656 4276 et
683 4233 807 4294 operam
834 4215 908 4278 dore
925 4215 1111 4296 prorrattite
1134 4214 1203 4277 sine
1226 4213 1356 4294 quartem,

209 4323 274 4381 tam
297 4319 394 4382 illone
411 4339 472 4383 esse
491 4319 560 4383 sine
578 4319 665 4400 milti,
688 4321 757 4383 decli
775 4323 804 4384 α’
818 4326 948 4403 pactam
965 4322 1089 4402 quicum
1107 4323 1235 4384 aetatem
1253 4319 1357 4402 eniqot

209 4423 277 4488 sine
296 4427 448 4488 meamet
470 4446 544 4501 arra,
566 4445 650 4488 serres
672 4427 726 4506 qai
748 4429 873 4491 lenient
894 4427 963 4490 sine
985 4427 1052 4504 leue,
1076 4429 1089 4491 t'
1110 4425 1197 4491 uobis
1219 4427 1357 4508 aperient

209 4531 278 4594 sinc
305 4551 388 4594 vera:
417 4530 495 4593 item
522 4551 605 4594 narce
631 4531 686 4594 lior
713 4538 801 4613 repat
824 4533 891 4596 sine
914 4554 982 4610 coe,
1010 4535 1043 4597 et
1067 4533 1224 4616 poscitare
1245 4551 1356 4597 nomen

1087 4638 1142 4692 31*
