3316 5070
429 405 502 452 uun
526 405 588 474 ura
614 405 797 454 uurrzreun
820 405 1141 456 ensu'russ'rumuu.
1319 391 1361 456 89

214 543 345 602 laudatus
370 543 421 613 sit,
448 544 490 600 ita
512 543 569 601 iam
591 547 736 615 postrema
755 545 835 602 Musa
859 545 1017 602 laudandus
1039 563 1101 602 esse
1124 563 1141 602 a
1164 563 1194 602 se
1220 545 1362 614 videatur3

214 636 313 704 captat
330 651 349 689 a
365 649 485 704 persona
502 651 554 690 rua
571 634 707 705 favorem,
725 651 789 692 eum
808 651 838 690 se
856 636 944 691 relati
962 635 1159 692 beneficiorum
1179 635 1209 692 in
1226 653 1257 692 se
1275 635 1362 692 collo-

214 729 341 780 catorum
360 739 514 781 memorem
531 725 699 795 gratumque
718 723 869 796 significan
887 741 906 780 a
922 741 952 780 re
967 724 1088 794 denique
1102 724 1173 795 ipsa,
1193 725 1271 782 caius
1286 725 1361 780 utili-

214 815 275 870 tate
294 815 324 869 et
340 813 534 884 magnitudine
552 814 698 884 proposita
717 814 858 871 auditores
877 813 955 884 ipsos
973 813 1002 870 in
1017 831 1155 884 rammam
1170 813 1361 870 adtentioaem

213 903 353 960 adducere
370 903 478 960 nititur.

213 1081 239 1118 v.
261 1069 285 1118 2.
312 1062 399 1118 Rudis
422 1062 502 1134 virga
524 1064 585 1118 erat
603 1080 659 1134 qua
677 1063 858 1135 gladiatores,
882 1063 949 1120 dum
972 1063 1103 1120 libertate
1123 1064 1308 1133 donabantur,
1327 1080 1362 1119 ue

286 1151 474 1223 gladiaturam
495 1152 616 1224 amplius
635 1155 804 1224 exercerent,
822 1152 921 1208 donari
939 1152 1106 1220 solebant*)
1130 1152 1210 1210 Vnde
1223 1169 1280 1208 non
1293 1171 1362 1208 nun·

287 1257 373 1311 quam
390 1259 441 1311 pro
459 1242 590 1298 libertate
609 1244 638 1298 et
656 1243 710 1297 line
729 1241 806 1296 rudis
823 1241 945 1313 ponitur.
983 1241 1086 1298 Sensus
1105 1243 1160 1298 est:
1185 1242 1364 1313 Ollecenas‚

270 1330 363 1409 'usne
392 1347 437 1385 me
461 1330 610 1388 Horatium
639 1330 708 1386 satis
739 1330 883 1402 cognitum
912 1331 970 1386 iam
999 1333 1029 1385 et
1055 1329 1204 1402 probatum
1230 1331 1363 1390 exercitio

290 1419 432 1476 nmmum
447 1421 540 1476 aetate
556 1420 614 1475 iam
627 1419 839 1492 ingrauescente
853 1409 882 1476 et
895 1419 1080 1476 serenoribus
1094 1421 1176 1476 rebus
1190 1421 1282 1492 magis
1295 1423 1362 1492 apta

285 1510 389 1564 iterum
416 1509 511 1566 studio
538 1509 649 1580 poetico
676 1508 834 1580 includere,
863 1507 1098 1580 quemadmodum
1126 1509 1270 1582 gladiator
1294 1509 1362 1566 rude

286 1597 406 1654 donatus
424 1601 455 1654 et
472 1616 489 1655 a
506 1598 677 1672 gladiatorio
694 1615 808 1654 munere
827 1598 960 1654 remissus
982 1598 1039 1654 iam
1058 1617 1152 1657 rursus
1171 1599 1201 1656 iu
1219 1601 1361 1656 mnamen

287 1691 452 1745 revocatur?

213 1796 239 1832 r.
260 1785 285 1832 t,
311 1775 445 1832 Veianius
467 1777 610 1849 gladiator
637 1777 752 1847 qnidam
775 1777 891 1848 insignis
917 1779 946 1833 et
971 1777 1061 1834 clarus
1090 1776 1156 1847 tuit,
1187 1777 1236 1848 qui
1264 1779 1361 1834 aetate

287 1865 429 1922 declinata
447 1866 618 1936 decursoque
637 1866 696 1922 iarn
714 1866 807 1937 spatio
830 1867 867 1923 ab
891 1869 952 1922 arte
972 1884 1022 1922 saa
1039 1866 1212 1940 gladiatoria
1234 1867 1364 1924 discessit

287 1972 420 2026 armaqm
438 1973 473 2012 ex
490 1957 668 2028 antiquorum
691 1971 770 2012 more
788 1955 818 2012 in
836 1956 942 2027 templo
961 1956 1088 2012 Herculis
1107 1956 1264 2028 suspendit,
1288 1954 1363 2024 quod

284 2045 316 2100 in
333 2043 392 2100 eius
411 2045 456 2100 dei
474 2045 565 2102 tutela
582 2045 613 2100 id
630 2045 780 2101 artificium
799 2061 860 2102 esse
878 2046 1079 2116 pultrellae)

211 2155 238 2192 v.
260 2143 285 2191 6.
310 2134 477 2190 Gladiatorii
500 2133 560 2188 lndi
582 2133 624 2189 ita
647 2151 665 2189 a
687 2133 828 2189 veteribus
851 2135 932 2190 erant
949 2133 1085 2203 instituti,
1109 2136 1141 2190 ut
1159 2134 1214 2191 duo
1233 2133 1358 2189 eiusdem

286 2221 403 2294 aetatis,
421 2221 642 2292 exercitationis,
661 2221 852 2292 proceritatis,
870 2222 973 2278 virium
992 2225 1023 2278 et
1038 2223 1173 2279 audaciae
1188 2224 1219 2278 in
1237 2221 1358 2278 mediam

287 2312 422 2368 harenam
440 2309 593 2382 prodirent,
612 2327 696 2381 seque
717 2311 820 2365 mutuis
838 2311 1001 2367 vulneribus
1015 2328 1098 2383 saepe
1114 2311 1289 2381 conticerent,
1307 2311 1363 2366 nisi

287 2403 477 2472 spectatorum
501 2399 650 2456 clementia
671 2399 763 2455 victor
785 2399 993 2469 prohiberetur,
1016 2417 1051 2456 ne
1073 2401 1103 2455 in
1128 2401 1234 2456 victum
1258 2403 1287 2457 et
1305 2402 1363 2456 iam

286 2489 448 2546 vulneribus
472 2490 629 2546 coniectum
652 2487 770 2544 ulterius
789 2488 925 2556 saeviret;
944 2489 1020 2560 quod
1043 2491 1110 2545 tnnc
1128 2490 1249 2546 maxime
1268 2489 1363 2562 fiebat,

287 2598 350 2636 cum
369 2579 418 2634 ille
437 2578 556 2650 supplex
573 2577 672 2650 populi
692 2577 721 2632 in
734 2578 846 2633 theatro
861 2577 983 2634 sedentis
998 2595 1080 2650 opem
1096 2577 1268 2650 imploraret,
1288 2579 1363 2649 qnod

287 2669 444 2740 significare
467 2668 578 2723 videtur
599 2668 686 2739 poeta
703 2669 811 2738 noster,
836 2683 898 2722 eum
918 2668 970 2723 ait:
997 2667 1054 2722 ‘Ne
1078 2669 1215 2740 populum
1238 2670 1364 2724 extrema

286 2759 372 2816 toties
392 2759 488 2813 exoret
505 2755 697 2826 harenu’m)

211 2871 240 2906 v.
263 2857 286 2905 7.
315 2847 393 2902 Siout
416 2863 502 2916 supra
525 2863 542 2901 a
563 2844 734 2916 gladiatorio
762 2862 890 2914 munere,
917 2847 959 2900 ita
981 2845 1028 2902 hic
1051 2863 1068 2901 a
1096 2846 1186 2902 curuli
1209 2847 1363 2903 certamine

288 2937 484 3009 metaphoram
505 2933 633 3006 sumpsit.
665 2933 739 2988 Nam
760 2936 793 2989 ut
815 2935 890 2989 errat
904 2933 951 3004 qui
968 2952 1078 3005 equum,
1097 2953 1153 3006 quo
1171 2935 1200 2990 in
1218 2935 1364 2992 iuventute

288 3029 425 3082 hactenus
439 3025 545 3082 victore
560 3041 626 3079 usus
641 3023 687 3094 sit,
701 3023 758 3078 iam
774 3039 867 3078 sonem
882 3023 974 3079 adhuc
988 3023 1016 3078 in
1030 3022 1121 3078 stadio
1136 3041 1245 3078 currere
1259 3022 1363 3096 iubeat,

288 3116 331 3172 ita
348 3133 409 3187 ego,
427 3113 519 3184 inquit
536 3113 678 3184 Horatius,
701 3113 915 3184 reprehensione
938 3131 994 3169 aon
1013 3129 1146 3182 carerem,
1165 3111 1189 3166 si
1208 3129 1242 3167 ee
1260 3113 1363 3184 studia,

289 3221 361 3276 quae
374 3205 404 3260 in
422 3203 522 3260 florida
540 3205 633 3258 aetate
652 3201 772 3273 exercui,
790 3220 865 3257 nnnc
883 3219 968 3258 sonex
985 3221 1041 3257 non
1059 3201 1254 3272 relinquerem.

212 3317 240 3354 s.
263 3303 305 3350 11.
324 3295 479 3364 Vtramque
497 3291 706 3364 philosophiam
731 3291 870 3364 significat
894 3293 948 3348 hoc
971 3277 1034 3348 loco
1054 3290 1201 3361 Horatius,
1224 3292 1360 3363 phisiceu,

288 3400 361 3454 quae
386 3383 460 3438 circa
482 3381 542 3437 reri
564 3380 810 3452 investigationem
835 3380 977 3450 consistit,
999 3381 1028 3436 et
1053 3379 1177 3450 ethieen,
1196 3397 1267 3450 quae
1285 3381 1363 3436 vitae

288 3472 424 3543 magistra
450 3471 487 3526 ad
513 3472 603 3526 rectas
626 3469 813 3540 decenterque
837 3469 961 3526 actiones
986 3487 1037 3524 nos
1058 3469 1194 3541 perducit.
1233 3469 1364 3526 Naturali

289 3562 364 3617 enim
383 3559 552 3631 philosopho
566 3557 670 3614 sufficit
688 3559 763 3629 quod
782 3575 879 3614 rernm
898 3559 936 3613 sit
954 3575 1131 3630 cognoscere,
1149 3559 1250 3614 morali
1268 3561 1363 3614 autem

290 3649 365 3720 qaod
383 3651 491 3706 rectum
509 3648 669 3718 iustamque
688 3650 731 3704 est
748 3665 829 3703 nosse
848 3665 903 3702 non
922 3648 990 3703 satis
1005 3649 1055 3718 est,
1074 3647 1128 3703 nisi
1146 3651 1222 3704 recto
1236 3649 1363 3718 inateque

290 3739 369 3811 agat;
393 3756 463 3810 opas
486 3738 560 3796 enim
583 3737 697 3794 moralis
716 3736 828 3792 virtutis
851 3754 906 3791 uon
925 3737 1086 3810 cognitione
1105 3737 1154 3793 sed
1173 3736 1283 3793 actione
1301 3753 1363 3807 per·

215 3937 243 3975 r.
264 3829 513 3975 ἳοίῗἫοῒζτῶηθ
536 3917 566 3972 et
589 3897 708 3970 artificio
726 3915 856 3986 procedit
868 3913 1009 3971 Horatius.
1038 3915 1132 3971 Primo
1147 3916 1221 3970 enim
1235 3913 1363 3986 graviore

290 4006 347 4062 iam
361 4007 456 4062 aetate
475 4023 516 4075 ea,
535 4021 607 4076 quae
626 4003 733 4060 leuiora
752 4007 782 4060 et
799 4003 1005 4060 adulescentiae
1025 4004 1209 4085 condonanda
1227 4005 1300 4073 sunt,
1323 4021 1364 4058 re·

308 4169 332 4236 ·)
352 4167 450 4222 Diescr
469 4165 533 4220 Satn
553 4165 590 4220 ist
607 4182 657 4220 aus
676 4165 784 4221 Landin
802 4166 989 4221 entnommen.

290 4255 331 4324 ⁸⁸)
350 4255 432 4312 Diese
451 4271 538 4326 genae
556 4254 734 4324 Bemerkung
751 4254 790 4310 ist
807 4254 864 4310 last
880 4254 1010 4310 wdrtlich
1029 4271 1080 4310 aus
1099 4251 1208 4310 Landin
1226 4251 1362 4308 eutlehnt.

271 4343 331 4414 Μ)
350 4345 433 4399 Dicae
451 4359 540 4415 ganza
553 4343 733 4414 Bemerlrung
745 4344 785 4399 ist
797 4343 956 4415 gleichialls
970 4343 1027 4399 last
1040 4342 1170 4399 wdrtlioh
1189 4358 1238 4397 aus
1253 4340 1364 4395 handin

216 4434 392 4590 enflessffio
409 4537 497 4592 ganne
514 4521 694 4593 Bemerkung
710 4521 840 4577 udrtlioh
858 4537 908 4577 aus
926 4519 1042 4576 amum
