3338 5072
511 403 775 454 sununsmours
800 403 1007 453 enavimus.
1268 387 1334 452 335

191 546 232 632 ll,
255 549 285 633 2,
309 549 331 614 5
348 571 417 614 uon
442 555 520 614 sunt
540 550 678 632 equidem
699 552 728 616 si
749 552 808 616 sess
831 555 893 615 tute
916 549 1089 636 iungenda,
1119 549 1174 616 sed
1197 551 1334 632 mutilem

189 656 369 740 particulae
393 659 590 722 constructio
614 680 671 742 per
694 659 877 742 proximum
900 679 1029 724 versum
1054 657 1284 722 continuanda:

235 782 405 902 quuidem,
430 800 458 864 si
482 800 544 864 scis
567 803 639 866 tute
663 804 743 883 quot
764 798 859 865 hodic
883 793 1005 865 habeas
1029 799 1150 884 digitos
1174 797 1207 864 in
1227 823 1334 884 mauu,

234 903 329 989 Egon
352 905 425 968 dem
448 905 567 991 pignus
590 905 719 971 tecum?

191 1047 237 1112 sic
260 1047 348 1112 anim
370 1048 449 1113 hacc
473 1048 644 1114 scribenda
667 1048 801 1113 ducibus
823 1048 927 1133 libris,
950 1049 981 1113 in
1007 1071 1141 1134 quorum
1158 1051 1189 1115 A
1213 1067 1332 1116 suono

193 1170 335 1219 ”mnus
359 1155 523 1240 apparuit,
546 1155 580 1222 in
603 1155 638 1220 B
661 1159 711 1220 est
732 1156 890 1220 Eocndem
906 1155 1031 1238 pignus,
1054 1156 1087 1220 in
1111 1155 1139 1222 0
1158 1156 1243 1240 quod
1268 1157 1333 1221 vul-

190 1263 287 1346 gatur
318 1261 437 1328 Eodem
462 1263 594 1346 pignus:
626 1285 691 1328 non
724 1266 833 1327 autem
866 1262 1011 1346 profecto
1045 1264 1118 1346 plus
1147 1262 1332 1328 offensionis

192 1366 310 1432 habere
340 1368 425 1432 inter
455 1391 489 1434 ss
519 1369 679 1454 dirempta
708 1369 845 1450 εᾳιιίιὶεηι
869 1405 910 1414 -
933 1388 985 1451 eqo
1014 1369 1207 1434 videbuntur
1236 1391 1333 1454 quam

191 1473 288 1538 Merc.
311 1473 353 1556 Π,
379 1477 406 1559 1,
429 1475 473 1540 40
495 1475 587 1541 iuxta
609 1475 731 1560 posita:
767 1477 886 1540 Amaci
907 1474 1004 1540 hercle
1026 1477 1162 1558 equidm
1185 1497 1237 1558 eqo
1259 1477 1333 1541 olim

74 1639 81 1646 .
188 1581 224 1645 in
246 1581 459 1647 adulescentie.
505 1582 691 1648 lnauditum
714 1587 764 1646 est
787 1585 896 1647 autem
919 1605 957 1647 ea
980 1586 1157 1667 potestate,
1185 1605 1250 1668 qua
1272 1604 1332 1648 nos

188 1687 255 1751 aad
281 1707 367 1752 awar
396 1688 545 1774 dicimus,
577 1690 721 1774 positum
753 1690 889 1774 equidem
918 1711 978 1772 pro
1008 1690 1146 1772 qaidcan:
1183 1689 1333 1774 quocirca

189 1792 274 1860 baud
298 1799 485 1862 cunctanter
508 1795 638 1882 Epidici
660 1795 717 1880 IV,
741 1797 771 1880 2,
794 1796 836 1860 33
860 1796 1078 1879 reponendum
1102 1773 1333 1862 dedocentem

187 1894 314 1986 quidem
341 1904 479 1968 dicebant
505 1904 618 1969 emisse.
666 1903 803 1968 Restant
830 1904 896 1968 tria
923 1903 994 1968 sola
1017 1903 1166 1987 exempla
1190 1901 1332 1989 (quando

189 2009 370 2076 Trinummi
408 2034 434 2074 v.
458 2011 523 2076 352
555 2012 693 2092 equidem
724 2033 788 2074 non
822 2013 873 2074 est
901 2009 1057 2074 Palatinis
1091 2031 1163 2074 cum
1187 2011 1219 2074 A
1249 2032 1332 2076 ccm-

188 2117 313 2202 mune)‚
344 2117 523 2202 horumque
551 2116 613 2182 duo
642 2117 690 2182 ita
713 2119 901 2200 comparata
923 2121 973 2200 ut,
1004 2115 1274 2200 quemadmodum
1298 2119 1332 2182 in
1346 2139 1447 2181 nxxux

189 2223 321 2307 reliquis
349 2246 449 2308 prope
478 2223 628 2288 omnibus
658 2220 725 2309 (me
746 2224 881 2305 quatiens,
914 2223 994 2287 decet
1016 2227 1048 2288 te
1075 2224 1210 2304 quidem,
1242 2231 1333 2306 alque

189 2331 324 2410 quaten,
356 2330 549 2397 adulescente
571 2327 721 2416 quedem),
753 2330 942 2415 contiguam
969 2351 985 2393 e
1012 2329 1154 2394 litteram
1183 2351 1332 2396 caussam

188 2434 292 2500 fuisse
316 2437 434 2502 erroris
459 2441 626 2522 appareat,
647 2435 714 2500 Mil.
737 2434 911 2520 111‚1,s4.
935 2433 1023 2499 Trin.
1039 2435 1118 2500 611:

248 2560 354 2663 dtqne
379 2578 556 2664 [elquidem
579 2579 675 2662 plane
699 2577 868 2644 e'ducatum
892 2577 927 2642 in
949 2577 1113 2642 nutricatu
1138 2576 1288 2645 Vdnerio.

245 2668 355 2771 dtque
380 2686 557 2771 [e]quidem
580 2687 671 2770 ipsus
694 2685 782 2749 ultro
806 2685 894 2750 uenit
916 2682 1030 2750 Philto
1054 2689 1182 2750 oratum
1206 2684 1287 2751 lulio.

189 2827 309 2911 Ecquis
339 2829 440 2914 igitur
467 2829 531 2892 iarn
560 2827 725 2893 dubitabit
748 2825 852 2892 Stichi
875 2849 1002 2912 quoque
1025 2830 1133 2892 versui
1156 2827 1213 2912 IV,
1240 2831 1266 2912 1,
1289 2829 1332 2894 48

187 2933 276 3008 Mos
307 2937 429 3018 quidem
460 2935 557 3000 hercle
587 2935 669 3018 qued
696 2937 789 2999 edum
816 2935 915 2999 midas
944 2933 1075 2997 reddere
1106 2933 1228 2998 usitata
1259 2935 1333 2998 dom

188 3043 379 3125 particulae,
413 3048 450 3106 ut
479 3040 567 3107 Trin.
598 3041 655 3124 58,
686 3041 887 3106 intentione?
939 3039 1015 3105 Non
1045 3044 1189 3105 recurret
1218 3042 1333 3125 opinor

189 3147 279 3213 furca
302 3148 472 3234 expulsum
496 3149 678 3233 equidem.*)
1103 3231 1104 3234 Ἴ

278 3256 330 3321 Ab
350 3256 476 3340 horum,
500 3277 582 3339 quac
606 3276 676 3319 esse
700 3261 790 3320 certa
808 3259 928 3340 putem,
952 3256 1108 3320 societate
1131 3255 1333 3340 segreganda

190 3366 278 3442 suut,
308 3362 346 3425 de
375 3361 492 3446 quibus
521 3361 594 3425 volo
624 3360 665 3425 ab
696 3361 768 3426 aliis
796 3361 914 3426 doceri.
960 3361 1059 3428 Velut
1087 3383 1160 3426 cum
1184 3361 1331 3427 crebrum

191 3487 262 3529 esse
285 3465 438 3532 Plautum
462 3468 646 3553 glossarum
669 3469 922 3534 reconditicmm
947 3491 1007 3534 usu
1031 3471 1171 3554 constet,
1196 3490 1331 3554 quarum

193 3571 313 3636 multae
341 3573 374 3638 in
403 3575 522 3639 nostris
546 3574 639 3639 libris
670 3575 862 3640 obscuratae
893 3580 982 3661 sunt,
1016 3576 1078 3641 erit
1107 3575 1247 3643 fortasse
1277 3578 1332 3660 qui

188 3701 248 3764 pro
277 3701 315 3744 eo
343 3680 428 3764 quod
456 3703 485 3744 v.
507 3680 574 3745 492
602 3680 754 3764 vulgatur
780 3681 920 3746 scldlom
947 3683 1012 3747 tale
1040 3685 1234 3750 vocabulum
1258 3683 1333 3748 sub-

191 3787 368 3870 ministret,
400 3787 485 3872 quod
513 3793 546 3853 et
574 3789 608 3852 in
638 3788 850 3853 Ambrosiani
873 3791 1061 3855 memoriam
1087 3808 1212 3857 snm
1229 3837 1238 3857 .
1255 3808 1331 3856 ..ιι

191 3895 362 3959 conveniat
385 3898 418 3959 et
435 3894 562 3959 hiatum
582 3895 629 3960 ita
648 3895 742 3960 tollat
761 3899 882 3960 utnon
902 3918 984 3980 opus
1007 3897 1051 3963 sit
1074 3899 1197 3962 animai
1217 3896 1331 3962 forma.

190 3999 325 4065 Vtinam
346 4001 447 4086 igitur
470 4001 504 4068 in
527 4001 666 4066 vetustis
690 4002 858 4087 glossariis
882 4003 960 4089 illis,
990 4026 1126 4089 quorum
1154 4025 1239 4068 nunc
1266 4003 1332 4067 lau-

189 4111 257 4171 tam
291 4107 465 4172 editionem
499 4129 518 4170 a
550 4105 585 4171 G.
609 4105 645 4172 F.
668 4105 891 4174 Hildebrando
922 4112 1033 4193 parari
1063 4111 1236 4193 laetamur,
1266 4110 1332 4174 tale

190 4249 336 4256 ---.—

278 4337 303 4405 ·)
325 4335 378 4406 [De
397 4335 519 4406 equidem
537 4297 678 4405 particula
695 4335 779 4391 cessit
796 4337 967 4392 Rilachclius
986 4337 1134 4394 Ribbeckii
1153 4341 1332 4409 argumenta·

189 4423 261 4478 tioni
283 4424 312 4478 in
333 4425 480 4495 ‘Beitrllge
503 4443 550 4479 sur
568 4425 658 4478 chre
676 4441 703 4481 ι.
723 4425 748 4478 d.
768 4425 816 4480 lat.
836 4427 994 4482 Partilseln’
1020 4427 1144 4498 (Lipsiae
1165 4429 1252 4498 1869).
1289 4429 1330 4485 Cf.

189 4511 280 4566 'Pria’
297 4529 361 4570 anu.
380 4515 417 4568 sd
436 4532 461 4569 v.
480 4520 541 4568 ³52.
561 4515 635 4584 ola]
