3316 5070
444 417 517 463 uun
540 416 602 463 ma
627 413 814 464 numerosa
837 414 1157 464 reseruassemus.
1333 397 1373 462 91

228 574 256 612 v.
276 561 318 614 59.
343 555 506 612 iustituturn
524 557 578 611 hoc
601 555 756 627 priscorum
775 557 851 612 certe
869 555 1040 611 laudandum
1059 555 1121 622 luit,
1140 571 1195 624 quo
1214 555 1246 610 ut
1264 571 1376 609 suorum

301 645 409 701 animos
427 645 552 701 honestis
571 645 670 701 studiis
688 646 847 700 imbuerent
864 661 897 700 ae
920 644 950 698 in
964 645 1067 700 virtute
1085 644 1275 714 principatum
1292 645 1377 714 puta·

188 739 191 748 ¹
303 736 378 802 rent,
404 735 575 790 cantilenam
593 735 651 790 illis
669 734 825 804 dictabant,
848 733 926 790 cuius
945 735 1016 789 haec
1034 735 1095 789 eret
1112 731 1264 800 sententis,
1283 749 1378 803 regem

303 839 367 878 eum
386 839 446 878 esse
465 821 514 892 qui
532 826 608 879 recte
627 825 656 878 et
673 823 791 879 honeste
811 824 916 894 ageret.

230 929 255 967 v.
275 919 318 969 61.
341 912 444 967 Lucius
467 911 585 968 Roscius
608 911 696 968 Ottho
720 912 817 968 consul
839 913 931 982 legem
955 912 1034 980 tulit,
1058 913 1090 966 ut
1111 911 1141 966 in
1164 912 1276 967 theatro
1302 911 1378 981 equi·

301 1001 377 1056 tibus
406 1001 528 1057 romanis
556 1001 668 1057 ordines
696 1000 921 1072 quattuordecim
947 999 1094 1077 spectandi
1119 1001 1211 1072 gratia
1236 1001 1378 1058 darentur.

303 1089 391 1145 Otthc
419 1087 546 1146 tribunus
575 1090 666 1161 plebis
691 1089 784 1170 legem
811 1091 890 1160 tulit,
923 1107 959 1145 ue
989 1089 1053 1160 quis
1078 1090 1107 1145 in
1132 1089 1229 1146 ordine
1256 1091 1378 1160 equestri

302 1180 476 1250 spectaturus
491 1179 608 1247 sederet,
623 1178 677 1234 nisi
690 1179 820 1235 sestertia
833 1178 1021 1250 quadraginta
1034 1179 1114 1234 milia
1126 1179 1289 1250 possideret,
1304 1179 1379 1250 quod

302 1269 326 1323 si
339 1269 522 1340 contingeret,
540 1268 667 1339 quisquis
685 1265 758 1325 esset
772 1269 830 1325 sive
845 1269 982 1339 ingenuus
997 1269 1056 1324 sive
1071 1267 1196 1338 libertus,
1216 1267 1291 1323 iuter
1304 1268 1379 1338 equi·

303 1360 346 1412 tes
365 1361 491 1427 spectare
511 1359 536 1413 ei
555 1358 653 1414 liceret
671 1359 700 1413 in
717 1358 807 1429 gradu
825 1358 933 1414 decimo
951 1361 1060 1428 quarto.

230 1465 256 1502 v.
277 1453 320 1502 67.
343 1446 470 1518 Puppius
495 1447 557 1517 ille,
581 1447 660 1503 cuius
683 1447 729 1504 hic
752 1447 885 1504 Horatius
904 1447 1045 1516 meminit,
1068 1449 1154 1519 posta
1175 1445 1300 1518 tragicus
1318 1445 1380 1516 luit,

303 1533 344 1588 ita
363 1533 479 1590 effectus
498 1535 643 1591 homiuum
662 1552 786 1603 movens,
805 1537 838 1590 ut
856 1535 913 1590 illis
931 1535 1090 1604 lachrymas
1108 1535 1270 1605 frequenter
1288 1535 1379 1590 conci·

302 1625 382 1680 taret.
424 1623 524 1681 Posuit
548 1627 643 1680 autem
670 1625 717 1680 hic
741 1625 818 1680 illius
845 1624 956 1680 fabulas
984 1643 1036 1695 pro
1060 1625 1137 1680 omni
1165 1623 1326 1696 spectaculo
1351 1623 1380 1678 in

303 1713 416 1768 theatro
435 1713 482 1784 agi
501 1712 592 1769 solito.

157 1811 161 1818 ·
227 1819 254 1858 v.
276 1807 318 1855 70.
344 1801 491 1858 Rusticum
516 1801 658 1873 significat
675 1803 775 1872 poeta,
801 1819 850 1856 cur
872 1817 927 1856 nou
946 1801 1045 1857 eodem
1063 1802 1167 1858 iudicio
1186 1819 1242 1872 quc
1260 1803 1380 1872 populus

302 1906 434 1946 romanus
451 1893 556 1961 utatur,
580 1909 665 1962 quarn
684 1908 718 1947 ex
736 1891 875 1961 Aesopias
895 1892 1015 1962 apologo
1034 1891 1169 1964 graphice
1188 1893 1217 1946 et
1237 1891 1381 1962 eleganter

302 1980 449 2050 depromit.
487 1981 605 2036 Viderat
628 1978 697 2037 olim
721 1979 870 2049 vulpecula
894 1981 989 2034 astuta
1013 1980 1074 2036 fara
1098 1981 1251 2038 multorum
1273 1981 1380 2038 anima·

307 2070 377 2126 lium
391 2070 512 2142 vestigia
529 2071 605 2142 apud
623 2069 713 2125 leonis
731 2070 851 2138 antrum,
871 2068 920 2124 sed
939 2068 980 2123 ita
998 2070 1108 2123 tanturn
1126 2071 1158 2124 ut
1176 2069 1271 2126 omnia
1289 2072 1382 2127 essent

304 2159 523 2231 ingredientium
548 2162 578 2215 st
602 2176 657 2214 uon
677 2155 851 2225 exeuntium,
882 2174 954 2227 quae
976 2158 1136 2213 coniectura
1160 2161 1222 2215 rata
1248 2160 1277 2214 id
1306 2160 1382 2230 quod

304 2252 373 2317 erat,
392 2249 456 2304 ideo
474 2265 531 2304 non
549 2248 640 2304 redire
658 2247 799 2318 ingressus
816 2247 900 2314 feres,
919 2247 994 2316 quod
1012 2247 1057 2304 leo
1071 2247 1135 2302 illas
1151 2251 1270 2316 voraret,
1289 2248 1382 2304 uoluit

302 2337 421 2408 ingredi,
440 2341 470 2394 et
487 2338 599 2409 roganti
616 2337 701 2406 leoni,
720 2353 769 2391 cur
787 2353 843 2391 non
861 2337 1067 2406 ingrederetur,
1086 2335 1229 2408 respondit
1247 2337 1381 2394 deterreri

303 2427 445 2498 sesdglm
468 2443 540 2498 quae
564 2426 682 2483 adversa
704 2424 770 2494 sibi,
798 2441 855 2480 non
877 2427 972 2481 autem
995 2440 1095 2482 aversa
1117 2429 1215 2483 emant
1252 2427 1291 2482 vt
1313 2443 1380 2498 ergo

303 2533 337 2573 ex
354 2515 483 2588 vestigiis
500 2515 647 2572 interitum
664 2533 746 2570 suum
764 2513 884 2570 timebat
901 2514 1009 2584 vulpes,
1026 2515 1051 2569 si
1069 2515 1106 2571 ad
1123 2516 1234 2572 leonem
1252 2515 1380 2587 ingrede-

303 2607 394 2676 retur,
419 2605 460 2661 sic
482 2605 564 2676 signa
582 2607 648 2660 sunt
666 2621 739 2674 quae
756 2603 906 2676 pernitiem
925 2602 1089 2660 minitentur
1106 2607 1220 2674 poetas,
1243 2622 1300 2660 nou
1321 2605 1381 2660 dari

305 2693 360 2749 sihi
379 2692 502 2750 reditum
520 2711 538 2750 a
556 2692 642 2761 vitiis,
662 2691 687 2747 si
705 2693 742 2748 ud
759 2693 811 2748 illa
828 2693 915 2749 semel
933 2691 1074 2763 ingressus
1092 2693 1185 2748 fuerit.

232 2803 258 2839 v.
280 2789 323 2840 79.
349 2783 517 2854 Metephora
539 2784 583 2838 est
605 2799 623 2837 a
647 2797 677 2836 re
700 2780 854 2853 piscatoria
871 2781 1079 2837 translatnhoc
1098 2799 1192 2838 sensu:
1213 2782 1380 2838 sicutenim

304 2871 381 2943 eapti
399 2872 490 2942 pisces
508 2871 659 2926 mittuntur
671 2871 701 2926 in
716 2869 832 2940 vivaria,
850 2871 893 2927 ita
906 2873 935 2927 et
954 2871 1016 2942 ipae
1030 2887 1131 2928 avarus
1146 2873 1243 2942 captos
1258 2871 1382 2927 custodit

307 2977 396 3030 senes,
414 2976 450 3014 ue
469 2959 630 3029 evadant.*)

232 3071 259 3106 v.
283 3055 327 3108 83.
352 3049 437 3106 Baiae
457 3049 596 3118 Baiarum,
615 3051 750 3121 pluratiri
769 3049 878 3106 numeri
895 3052 1015 3120 tautum,
1034 3049 1133 3106 civitas
1152 3052 1195 3106 est
1213 3048 1382 3120 Campaniae

305 3136 503 3196 amoenissima
525 3155 604 3194 seem
628 3156 705 3195 mars
728 3140 799 3210 situ,
822 3155 923 3196 nomen
946 3140 1052 3195 habens
1071 3157 1089 3194 a
1107 3139 1176 3197 Baio
1195 3139 1286 3194 Vlixis
1305 3138 1381 3195 socio

304 3229 365 3285 illic
377 3225 504 3299 sepulto;
522 3227 552 3283 in
565 3227 649 3282 huius
663 3244 732 3299 agro
746 3230 862 3298 propter
875 3245 961 3298 squas
976 3227 1081 3284 calidas
1101 3229 1130 3284 st
1148 3229 1184 3284 ud
1203 3229 1379 3297 voluptatem

306 3317 335 3373 st
352 3318 389 3372 ad
406 3315 500 3372 varios
518 3316 630 3373 morbos
649 3315 811 3372 commodas
829 3317 1008 3386 prepotentes
1031 3314 1074 3370 illi
1092 3317 1122 3371 et
1139 3315 1243 3374 divites
1261 3314 1381 3372 Romani

306 3406 435 3462 aedificia
452 3405 562 3476 magnis
576 3405 711 3476 impensis
730 3407 871 3460 exstruere
890 3405 1026 3474 sotebant,
1045 3406 1121 3474 quod
1133 3405 1181 3462 hic
1195 3405 1282 3460 stiam
1295 3407 1381 3475 poeta

307 3497 396 3551 notat.

235 3606 261 3642 v.
283 3591 326 3640 90.
351 3583 488 3640 Protheus
508 3583 612 3640 Oceani
634 3585 665 3638 et
682 3582 797 3639 Thetios
816 3582 890 3638 filius
908 3583 971 3653 luit,
989 3585 1068 3638 vates
1087 3583 1265 3653 clarissimus,
1284 3582 1332 3653 qui
1352 3600 1381 3640 ss

307 3673 337 3728 in
355 3672 447 3728 varias
465 3673 570 3728 formas
588 3673 730 3742 mutabat,
748 3673 863 3728 auctore
882 3671 984 3728 Ovidis
1002 3672 1105 3729 libros
1124 3674 1382 3744 metamorphoseos

307 3759 370 3833 [721
391 3760 463 3832 sus-l

398 3885 483 3941 ‘Sunt
500 3885 601 3955 quibua
618 3886 649 3941 in
667 3885 761 3957 plures
780 3885 823 3942 ius
841 3889 885 3942 est
902 3887 1021 3942 transire
1039 3887 1151 3956 figuras,

395 3974 433 4029 Vt
451 3973 512 4043 tibi,
531 3973 671 4046 complexi
690 3977 793 4032 terram
811 3975 897 4031 maris
915 3975 1018 4045 incole,
1037 3975 1167 4031 Protheu.

395 4063 468 4118 Nam
486 4063 570 4119 modo
587 4065 617 4118 te
635 4062 773 4133 iuvenem,
792 4063 874 4120 modo
892 4065 921 4120 te
940 4063 1034 4120 videre
1052 4064 1171 4132 leonem,

395 4153 477 4207 Nunc
494 4151 634 4207 violentus
652 4153 731 4223 aper'
752 4154 804 4208 etc.
841 4152 916 4223 Lege
936 4152 1040 4208 ibidem
1060 4153 1199 4208 Ovidium.

231 4297 262 4333 v.
287 4283 346 4332 102.
374 4277 447 4332 Nam
473 4275 522 4348 qui
547 4277 597 4332 aut
623 4277 683 4332 atre
709 4275 773 4332 bilis
799 4279 849 4334 aut
871 4277 942 4334 alius
964 4277 1089 4334 humoris
1112 4275 1257 4332 affluentia
1274 4281 1382 4348 peccat,

307 4363 416 4421 medico
435 4366 573 4422 curandus
590 4365 712 4421 traditur
735 4369 764 4423 et
781 4367 825 4422 illi
843 4385 956 4424 suorum
978 4368 1115 4423 bonorum
1134 4365 1277 4422 curatione
1295 4365 1380 4422 inter-

308 4525 335 4594 *)
354 4526 417 4581 Von
437 4526 525 4597 ‘capti
543 4527 645 4597 piscss'
665 4526 709 4582 bis
729 4527 873 4584 ‘evadant'
894 4525 1024 4584 wtlrtlich
1042 4543 1094 4583 aus
1112 4525 1229 4583 hesdin
