3332 5074
326 385 391 449 402
613 401 874 452 rsouucounnn
897 403 944 450 nn
968 402 1180 452 namorucvs

417 543 451 611 Si
475 545 530 630 qui
554 544 594 610 td
617 567 690 610 eum
714 545 900 628 eduenicnt
923 548 960 609 rit
985 545 1048 610 sibi
1071 544 1182 611 datum
1206 545 1276 609 esse
1300 547 1470 629 argentum

1008 647 1095 717 dicat

414 758 479 824 Pro
499 758 647 840 fidc'ce'nc:
671 755 803 844 argenti
823 757 929 823 minas
953 779 987 822 se
1010 757 1130 824 habere
1153 755 1398 844 quinquaginta

413 863 541 950 Quippe
570 867 631 950 e'go
659 867 714 950 qui
739 863 975 930 nudiustertius
1004 865 1081 929 necte
1104 863 1249 930 „cuce
1274 863 1472 931 dinumerent

238 995 325 1040 cuvn
412 972 475 1038 Pro
498 971 557 1036 illst
579 974 636 1036 tua
659 971 773 1051 amico,
794 959 889 1053 purim
905 975 998 1054 paor
1019 991 1111 1038 escam
1130 971 1237 1052 fllium
1259 991 1321 1038 csse
1342 972 1434 1037 riter.

323 1078 458 1144 Poenuli
487 1081 596 1143 autem
618 1075 659 1161 V,
680 1078 716 1155 4,
744 1078 788 1142 90
815 1099 882 1144 non
910 1099 981 1144 esse
1009 1101 1120 1144 sanam
1148 1079 1234 1144 hanc
1261 1079 1469 1164 scripturam:

909 1185 1000 1250 salue
1023 1183 1187 1270 insperate
1210 1186 1314 1271 nobis,

412 1293 525 1358 Pater:
547 1291 581 1355 :e
604 1291 774 1377 complecti
796 1291 857 1358 nos
882 1291 964 1356 sine:

322 1399 434 1486 colligi
462 1399 537 1463 hine
564 1401 706 1484 poterat,
734 1398 819 1483 quod
848 1399 883 1462 in
905 1396 1062 1464 Palatinis
1085 1421 1152 1466 non
1176 1401 1227 1463 est
1255 1393 1467 1486 tecomplect'i,

323 1508 379 1572 aed
401 1505 577 1589 ecomplecti.
625 1503 717 1570 Vnde
741 1505 923 1572 certissima
945 1505 1025 1571 hecc
1049 1509 1099 1571 est
1122 1505 1319 1584 emendatio:

908 1613 998 1678 salue
1020 1611 1183 1698 insperate
1206 1613 1310 1699 nobis,

410 1720 517 1805 Pater,
541 1721 573 1785 ct
595 1717 768 1804 complecti
791 1720 850 1785 n6s
874 1719 953 1785 sine.

322 1841 404 1910 Tam
423 1843 548 1911 incerte
566 1849 675 1911 cutem
689 1843 781 1910 Ourc.
795 1843 836 1929 V,
854 1845 885 1929 2,
905 1845 926 1910 5
945 1849 977 1910 et
995 1844 1157 1928 scriptura
1176 1849 1226 1911 est
1246 1849 1279 1912 et
1298 1849 1467 1933 sententie,

320 1953 380 2019 teli
409 1951 556 2038 exemplo
585 1957 621 2019 ut
647 1953 804 2038 probetur
830 1953 925 2019 nihil:
953 1953 1009 2018 ubi
1038 1975 1233 2039 quamquam
1261 1975 1301 2018 ne
1329 1952 1466 2019 Bothius

321 2060 450 2146 quidem
474 2060 695 2145 credipotest
721 2080 832 2126 verum
861 2081 932 2126 esse
962 2062 1141 2144 assecutus,
1169 2060 1223 2144 qui
1251 2059 1332 2125 haec
1358 2060 1467 2143 posuit

320 2167 355 2231 in
387 2167 475 2232 exitu
506 2167 692 2253 septenarii:
719 2167 811 2249 poor
841 2169 909 2233 eius
939 2167 1066 2232 rurecim
1096 2165 1188 2251 mihi,
1221 2170 1330 2232 tamen
1363 2166 1465 2232 multo

320 2274 482 2359 ineptiore
510 2277 588 2338 sunt
616 2296 697 2358 quae
725 2273 913 2360 vulgantur:
940 2279 1033 2356 puter
1059 2275 1131 2339 tutes
1158 2294 1284 2339 rursum
1312 2274 1380 2357 teti,
1407 2295 1465 2359 pro

308 2403 384 2465 =quo
411 2379 446 2444 in
473 2381 507 2446 B
535 2383 585 2444 est
606 2385 699 2464 putor
724 2402 764 2445 uo
791 2379 826 2461 if
848 2380 945 2461 risum
973 2381 1035 2446 :tot
1085 2379 1136 2446 Ne
1165 2403 1185 2445 c
1211 2380 1306 2445 libris
1336 2379 1465 2464 quidem

319 2488 388 2552 ulla
410 2485 489 2552 fides
511 2486 587 2552 huic
610 2486 817 2553 collocationi
839 2487 1011 2552 verborum
1042 2490 1093 2552 est
1119 2487 1154 2551 in
1178 2485 1269 2571 Capt
1287 2484 1328 2569 V,
1355 2487 1392 2568 4,
1422 2487 1466 2550 26

320 2593 525 2680 πῆᾃὼ

408 2700 509 2777 Quasi
532 2721 590 2785 per
612 2700 763 2766 nebulam
786 2699 967 2786 Hegionem
990 2693 1117 2785 p'atrem
1140 2722 1247 2766 meum
1271 2697 1428 2765 uocirier:

407 2806 519 2892 Neque
535 2807 589 2871 ubi
604 2829 717 2872 amans
735 2807 924 2873 adule'scens
944 2812 1086 2873 scortum
1104 2804 1223 2874 liberet
1240 2807 1325 2873 clem
1338 2796 1464 2891 pitrem

959 2937 1066 2980 suum:

318 3039 375 3104 ubi
397 3038 431 3104 id
454 3037 570 3124 ipsum,
593 3037 679 3123 quod
702 3040 848 3124 postulet
870 3039 954 3104 ratio
978 3042 1013 3104 et
1030 3039 1143 3122 reponi
1163 3041 1261 3104 etiam
1282 3039 1350 3104 sine
1370 3037 1463 3104 libris

318 3145 461 3230 iubebat,
483 3144 586 3209 Vetus
604 3147 760 3212 testatur:
782 3167 883 3210 meum
900 3150 1025 3230 putrem
1044 3148 1077 3209 et
1094 3165 1185 3212 mum
1205 3149 1335 3228 patrem
1368 3143 1464 3210 Deni-

317 3273 379 3337 que
403 3250 491 3315 Triu.
514 3251 580 3316 372
603 3273 670 3317 non
693 3255 779 3317 recte
803 3252 849 3317 sic
872 3251 1096 3317 dimetiuntur:

405 3356 455 3422 Εό
487 3361 581 3440 pater
616 3358 671 3441 pol
707 3379 768 3443 ego
802 3359 899 3424 istem
931 3359 1009 3425 uolo
1041 3381 1092 3423 me
1124 3358 1285 3425 rationem
1319 3359 1462 3426 edocetis.

955 3466 1061 3551 Licet,

317 3571 407 3636 cuius
431 3569 557 3635 numeri
579 3569 615 3634 hi
639 3569 705 3635 sint
727 3571 850 3656 potius:

406 3673 456 3778 llo
479 3714 572 3796 pate'r
594 3713 649 3798 pol
672 3715 733 3799 ego
756 3713 854 3780 istam
879 3713 955 3780 uolo
979 3735 1030 3778 ms
1053 3735 1076 3780 e.
1098 3737 1127 3798 p.
1148 3736 1173 3782 s.

316 3837 407 3903 Haec
425 3836 525 3923 igitur
543 3839 690 3922 exempla
707 3839 798 3904 nulls
816 3841 899 3903 sunt
930 3837 1060 3904 Incerta
1077 3839 1143 3904 tria
1159 3839 1272 3924 habes,
1289 3841 1337 3905 ita
1353 3845 1463 3906 autem

210 3947 505 4030 cuwncomparata
528 3945 669 4030 singula,
695 3947 821 4012 utnon
844 3967 944 4010 uuum
967 3945 1156 4028 admittant,
1183 3946 1239 4010 sed
1262 3947 1370 4030 plures
1394 3967 1461 4012 eor·

315 4052 441 4138 rigendi
469 4048 581 4117 modos
609 4053 706 4136 longe
733 4051 924 4118 facillimos:
952 4051 1048 4118 Most.
1070 4052 1114 4136 ΙΙ,
1139 4055 1166 4137 1,
1189 4053 1229 4118 31
1269 4051 1462 4120 Trinummi·

316 4181 378 4244 que
402 4159 467 4224 316
491 4162 524 4224 et
546 4159 625 4224 361:

404 4280 489 4359 Quid
516 4301 577 4368 ego
605 4281 725 4368 agam?
753 4285 846 4380 pater
875 4283 941 4347 iam
970 4281 1025 4348 hic
1054 4305 1106 4349 me
1136 4282 1277 4349 offendet
1305 4278 1460 4348 miserum
1569 4377 1573 4384 Ι

955 4388 1130 4455 adueniens
1154 4389 1289 4455 ebrium.

404 4493 454 4560 Ne
477 4494 538 4561 tibi
561 4495 806 4580 aegritudinem,
830 4497 932 4580 pater,
955 4495 1099 4579 perorem
1123 4495 1210 4580 parsi
1234 4495 1355 4562 sedulo.
