3318 5072
300 403 365 470 498
584 419 848 469 enneaconnnn
872 419 918 468 nn
942 419 1155 470 anmoiunvs

301 564 415 628 minis
444 564 627 649 dactylis:
659 565 715 650 qui
743 587 815 630 cum
843 565 1100 651 frequentissimi
1124 565 1247 631 sintin
1271 565 1375 649 primo
1399 587 1446 631 ee·

300 671 467 756 cundoque
485 671 574 757 pede,
592 677 701 737 tamen
720 695 780 738 nec
797 695 818 737 a
836 674 951 757 quinto
971 677 1135 758 sextoque,
1154 695 1191 737 ac
1210 695 1250 739 ne
1269 667 1289 738 a
1308 672 1447 740 secundo

299 779 461 862 tertioque
485 779 605 844 exclusi
629 785 714 844 sunt.
746 779 845 844 Primi
870 781 996 864 generis
1021 780 1167 864 exempla
1184 779 1256 844 vide
1270 779 1357 845 'lhin
1373 779 1449 845 238.

264 935 270 947 .
301 886 374 950 636.
390 886 472 951 1711.
497 887 570 952 854.
595 887 667 952 859.
695 887 789 952 1010.
817 887 911 953 1020.
937 887 1031 950 1051.
1058 887 1156 951 1129:

389 1027 556 1113 Gonieere,
580 1051 634 1093 eos
658 1029 756 1113 petit,
780 1023 834 1094 eos
859 1033 1002 1094 sectatur
1011 1081 1351 1094 ......

389 1135 447 1200 Set
470 1135 572 1219 sapio,
596 1135 677 1200 satis
700 1133 735 1200 in
758 1159 826 1200 rem
851 1158 932 1221 quae
957 1136 1023 1202 sint
1075 1188 1350 1202 .....

388 1241 558 1325 Ly‘siteles,
581 1241 627 1306 ibi
651 1241 689 1307 dc
713 1239 787 1306 istis
810 1242 905 1307 rebus
941 1294 1349 1308 .......

389 1347 479 1424 Quae
503 1349 622 1432 noluit,
646 1349 725 1413 mihi
749 1347 844 1433 dixit,
869 1348 979 1417 docuit
1009 1401 1349 1415 ......

388 1453 484 1518 Nilne
507 1476 567 1539 ego
592 1456 620 1518 si
643 1460 757 1540 potero
781 1457 979 1521 drnementis
1008 1509 1348 1522 ......

349 1544 479 1644 ‚ildde
503 1561 653 1646 gradum,
677 1561 872 1645 adproperd:
894 1562 1082 1627 iamdudum
1142 1616 1148 1627 .
1208 1615 1214 1628 .
1276 1615 1282 1626 .
1343 1615 1348 1626 .

388 1655 478 1734 inter
501 1690 599 1733 eosne
622 1669 770 1734 homines
794 1669 976 1734 condalium
1008 1722 1348 1736 ......

389 1777 494 1852 Quom
518 1778 659 1860 repetas,
682 1773 850 1840 inimicum
874 1778 1012 1842 amicum
1074 1829 1348 1842 .....

388 1881 463 1949 Non
487 1881 598 1946 uideor
621 1880 778 1948 meruisse
802 1881 930 1948 landem
940 1935 1347 1949 .......

300 2008 432 2077 alterius
455 2006 584 2093 generis
608 2011 738 2091 praeter
761 2008 827 2072 alia
848 2007 929 2073 hacc
947 2031 976 2072 v.
987 2009 1061 2075 391.
1079 2010 1152 2074 717.
1177 2007 1445 2096 Bacch.62[93]:

396 2184 736 2198 ......
789 2136 884 2198 citra:
908 2153 969 2218 ego
993 2137 1025 2198 te
1050 2135 1201 2218 cpperidr
1224 2133 1325 2198 domi:

396 2291 735 2306 ......
788 2239 964 2323 Lysiteles,
987 2263 1048 2326 ego
1072 2243 1105 2304 te
1128 2241 1220 2306 uolo:

395 2397 735 2410 ......
787 2349 874 2410 minc
897 2367 957 2431 ego
981 2349 1013 2410 te
1037 2346 1143 2410 facere
1166 2346 1229 2410 h6c
1252 2345 1337 2430 uolo,

300 2491 435 2553 quorum
468 2490 618 2533 versuum
651 2473 795 2534 extremo
827 2470 910 2534 nihil
943 2470 1144 2536 mutandum.
1189 2469 1228 2535 In
1257 2493 1321 2536 uno
1349 2493 1446 2535 versu

300 2577 507 2640 coniunctum
532 2579 706 2661 utrumque
728 2597 830 2661 genus
853 2576 955 2643 habes
980 2578 1057 2643 855:

390 2699 543 2780 coeno
566 2701 698 2783 quidque
720 2704 859 2784 sperem:
884 2725 968 2768 nunc
992 2700 1071 2768 adeo
1090 2703 1212 2783 siquid
1228 2723 1279 2782 epo
1297 2701 1444 2766 addiicro

1154 2809 1302 2893 implius.

275 2945 280 2955 ¹
300 2915 444 2981 Tertium
470 2919 578 2980 autem
602 2937 703 3001 genus
725 2938 791 2980 non
813 2915 894 2980 haec
916 2920 1045 2981 tantum
1068 2919 1231 2980 testantur
1254 2915 1342 2979 Trin.
1368 2915 1441 2980 620.

300 3021 418 3088 Bacch.
442 3023 484 3088 70
509 3025 616 3105 [101]:

388 3127 534 3194 Nimium
557 3129 722 3195 difficile'st
744 3131 878 3214 reperiri
942 3180 1348 3194 .......

388 3234 476 3302 Be‘ne
499 3236 573 3300 med
596 3237 716 3321 accipis
739 3237 1000 3322 a'duenientem*)
1009 3287 1281 3301 .....
1283 3267 1287 3274 v
1342 3287 1348 3300 .

149 3360 355 3425 cchxxmsed
383 3361 440 3426 illa
469 3382 611 3445 qnoque,
643 3361 818 3444 inquibus
843 3361 911 3425 sine
934 3361 1004 3426 vitii
1029 3361 1206 3446 suspitione
1231 3366 1296 3426 tres
1325 3360 1444 3444 dactyli

299 3489 357 3551 per
379 3471 446 3532 tres
470 3467 511 3532 ab
535 3467 630 3532 initio
653 3466 751 3552 pedes
775 3467 1013 3551 continuantur,
1036 3467 1124 3532 Trin.
1147 3467 1221 3532 965.
1248 3467 1346 3532 1009:

387 3592 496 3693 dtqne
519 3610 618 3674 etiam
641 3608 830 3694 Philippum
854 3614 1058 3675 numeratum
1074 3661 1347 3673 .....

388 3715 438 3780 Ne
462 3717 570 3781 subito
594 3720 700 3781 metus
724 3717 890 3782 exoriatur
942 3767 1347 3782 .......

298 3839 455 3925 Reliquae
488 3845 597 3906 autem
631 3841 724 3907 sedes
757 3841 1017 3926 septenariorum
1045 3843 1080 3906 in
1108 3841 1282 3925 propatulo
1303 3844 1360 3904 est
1389 3863 1444 3906 cur

299 3946 394 4012 binos
422 3946 570 4032 dactylos
598 3970 664 4012 non
692 3947 890 4013 admiserint.
936 3946 1022 4012 Nam
1051 3969 1123 4012 cum
1155 3970 1174 4012 a
1201 3947 1340 4030 septimo
1364 3946 1443 4032 pede

299 4053 465 4138 dactylum
493 4054 704 4119 inexorabilis
734 4055 909 4120 necessitas
939 4076 1073 4139 prorsus
1105 4038 1268 4140 segreget,
1301 4053 1442 4119 eiusdem

162 4241 164 4246 Ι
300 4165 428 4226 constat
452 4161 551 4226 etiam
574 4163 608 4225 in
632 4167 746 4248 quarto
771 4162 851 4246 pede
876 4166 929 4226 sat
951 4162 1134 4226 modestum
1158 4183 1250 4226 usnm
1271 4183 1351 4228 esse
1380 4159 1443 4226 Sed

300 4267 346 4331 ibi
370 4267 431 4332 etsi
455 4267 549 4333 licuit
571 4271 682 4333 tamen
706 4291 779 4333 enm
803 4269 900 4333 certis
924 4269 1166 4334 condicionibus
1190 4257 1343 4333 trochaeo
1368 4269 1442 4332 sub-

300 4373 448 4438 stituere:
474 4379 507 4438 at
531 4374 620 4439 nulla
644 4373 834 4439 condicione
858 4375 927 4439 eins
951 4375 998 4439 rei
1022 4373 1231 4440 insolentiam
1255 4375 1347 4440 licuit
1369 4397 1442 4440 coa·
1532 4455 1534 4460 Ι

299 4490 511 4498 -η--ι-ῄ

370 4529 396 4592 *)
416 4527 503 4597 [Bene
520 4545 561 4582 me
582 4531 711 4598 occepisti
729 4531 946 4586 ddseenimtem..
971 4531 1073 4600 Opnsc.
1091 4531 1160 4602 phil.
1180 4533 1206 4586 11
1224 4550 1251 4602 p.
1272 4533 1344 4600 306]
