3338 5072
297 407 362 474 348
589 421 849 473 anonaeonnns
872 421 920 468 nn
943 419 1153 469 narloulsvs

297 574 353 641 ubi
376 573 490 657 pedem
513 573 606 657 figas.
642 567 714 636 Nisi
739 564 824 650 quod
847 564 927 630 illud
951 563 1113 629 affirmare
1138 564 1334 630 confidenter
1356 563 1444 645 licet,

297 685 506 767 praepostero
537 679 656 746 iudicio
688 681 721 744 in
752 677 814 743 hac
845 697 961 742 caussa
988 675 1139 740 universa
1168 675 1326 741 orationis
1349 675 1443 742 Milo·

296 789 413 853 nianae
447 788 604 854 editorem
633 785 830 851 Guilelmum
854 781 1051 848 Freundium
1084 803 1178 847 usum
1211 803 1296 847 esse:
1338 783 1393 868 qui
1427 804 1444 847 e

296 895 497 960 noviciorum
520 895 698 961 formarum
723 893 822 958 etiam
850 892 885 956 in
909 891 1050 974 antiquis
1074 891 1238 956 codicibus
1260 889 1444 975 frequentia

297 1023 394 1086 quam
424 1023 440 1065 e
467 1002 647 1085 priscarum
672 1000 740 1064 sive
764 1000 843 1063 item
865 997 1048 1082 frequentia
1071 998 1137 1062 sive
1162 999 1325 1082 paucitate
1349 1019 1442 1084 argu-

296 1109 435 1173 mentari
458 1108 621 1190 maluerit,
649 1107 710 1172 hac
735 1109 844 1171 autem
867 1105 921 1169 ria
943 1125 981 1169 eo
1005 1099 1203 1191 pervenerit,
1231 1109 1268 1170 ut
1291 1107 1442 1192 antiquas

297 1216 420 1281 formas
443 1238 508 1282 non
532 1237 603 1281 esse
627 1215 791 1299 antiquas,
815 1201 871 1278 sed
894 1233 1010 1296 novas,
1033 1235 1135 1278 novas
1159 1217 1268 1279 autem
1292 1234 1362 1278 esse
1386 1235 1443 1277 an·

236 1375 242 1387 ,
297 1323 406 1408 tiquas
430 1323 492 1389 sibi
516 1321 736 1407 persuaderet:
760 1342 836 1385 nam
861 1319 934 1384 aliis
958 1341 1072 1386 vereor
1094 1326 1130 1384 nt
1149 1321 1353 1404 persuaserit.
1385 1319 1443 1386 Oe·

296 1433 402 1494 terum
430 1452 494 1515 quo
523 1429 744 1496 vehementius
773 1429 812 1492 de
834 1429 931 1511 longe
956 1428 1104 1512 plurimis
1128 1429 1286 1494 fluctuant
1310 1429 1444 1512 codices,

297 1557 336 1601 eo
360 1538 515 1604 maiorem
540 1559 610 1602 esse
634 1536 730 1601 fidem
754 1557 865 1600 eorum
890 1539 1039 1619 apparet,
1069 1534 1108 1599 de
1132 1536 1249 1619 quibus
1274 1539 1331 1602 aut
1352 1558 1444 1602 num-

298 1665 394 1727 quam
419 1649 476 1710 aut
498 1645 674 1709 rarissimis
698 1642 854 1726 exemplis
879 1641 981 1706 eidem
1004 1642 1081 1706 libri
1107 1641 1311 1708 dissentiunt.

388 1750 476 1816 Haec
499 1751 600 1836 igitur
623 1772 695 1815 cum
719 1750 767 1813 ita
790 1770 860 1814 esse
883 1749 1131 1830 intellexissem,
1162 1749 1351 1832 bipertitam
1375 1771 1445 1816 essa

297 1878 403 1921 meam
427 1857 461 1920 in
484 1855 546 1921 hoc
570 1878 687 1942 genere
710 1878 842 1940 operam
866 1876 994 1920 omnem
1018 1853 1162 1938 volui*):
1185 1855 1233 1919 ita
1256 1855 1384 1940 quidem
1408 1861 1446 1922 ut
1486 1871 1490 1878 '

297 1964 362 2029 alia
391 1963 431 2027 ad
466 1967 571 2028 certae
603 1985 735 2029 normae
765 1961 997 2044 constantiam,
1030 1962 1158 2046 qualem
1193 1962 1260 2028 iere
1290 1963 1445 2047 probasse

299 2071 516 2155 antiquiorum
541 2071 710 2156 diligentia
734 2068 1021 2154 grammaticorum
1046 2067 1217 2150 videretur,
1240 2071 1292 2135 rel
1317 2075 1446 2155 praeter

300 2177 458 2243 librorum
492 2177 719 2243 auctoritatem
753 2177 945 2259 redigerem,
982 2176 1119 2240 servatis
1152 2180 1263 2242 tamen
1297 2179 1324 2242 si
1362 2200 1444 2262 quae

298 2283 398 2348 etiam
420 2281 609 2350 vetustioris
630 2283 746 2348 aetatis
766 2282 904 2367 vestigia
924 2281 1081 2348 resedisse
1101 2284 1294 2368 suspicarer:
1318 2286 1353 2350 in
1373 2286 1444 2350 aliis

297 2390 549 2456 inconstantiam
578 2390 738 2456 scribendi
767 2391 871 2456 sciens
903 2390 1091 2474 probarem,
1124 2391 1192 2455 sive
1220 2392 1364 2457 codicum
1392 2415 1445 2458 me

209 2509 286 2551 xclv
299 2497 374 2560 fidei
402 2498 606 2582 mancipans,
638 2520 719 2583 quos
748 2497 850 2581 ipsius
880 2497 1084 2582 antiquitatis
1114 2497 1367 2563 inconstantiam
1398 2521 1444 2564 re·

298 2607 505 2687 praesentare
530 2605 679 2688 viderem,
703 2605 771 2669 sive
794 2604 879 2689 quod
902 2607 1048 2668 veterum
1068 2604 1226 2688 exempla,
1249 2607 1286 2668 ut
1301 2605 1444 2681 Quincti-

297 2711 390 2793 liani,
425 2710 549 2797 aliquid
579 2733 650 2776 esse
680 2711 888 2796 intellegendi
920 2711 1142 2776 commoditati
1175 2711 1381 2777 tribuendum
1413 2716 1446 2778 et

299 2817 536 2885 concedendum
564 2819 739 2884 hodiernae
767 2817 992 2883 consuetudini
1022 2817 1207 2882 arbitrarer.
1258 2817 1307 2882 De
1337 2819 1444 2903 priore

299 2929 407 2990 autem
441 2929 532 3010 parte
566 2925 781 3011 reputandum
814 2927 865 2988 est
897 2945 948 2986 me
978 2945 1044 2988 non
1075 2945 1113 2987 ex
1144 2924 1239 2988 unius
1262 2923 1445 2989 Trinummi

298 3033 501 3098 documentis
530 3033 724 3114 decrevisse,
752 3030 807 3096 sed
836 3053 856 3096 a
878 3030 1042 3095 memoria
1059 3031 1211 3096 universa
1235 3031 1446 3096 Ambrosiani

299 3139 584 3223 Palatinorumqua
614 3138 795 3223 profectum
826 3159 910 3202 esse:
946 3145 1152 3221 nequaquam
1185 3138 1269 3201 enim
1303 3159 1364 3221 par
1396 3142 1446 3203 est

299 3246 482 3311 fabularum
500 3245 649 3311 condicio
670 3244 825 3327 omnium,
844 3241 898 3308 sed
918 3242 1056 3308 aliarum
1076 3243 1159 3308 ratio
1175 3243 1249 3308 alia.
1273 3243 1446 3309 Praeterea

299 3352 378 3416 illud
403 3351 645 3432 recordandum,
669 3349 753 3434 quod
779 3349 818 3413 de
837 3348 979 3413 Palatini
999 3348 1033 3412 B
1055 3350 1257 3433 praestantia
1279 3351 1312 3414 in
1337 3350 1445 3416 ortho-

299 3459 464 3544 graphicis
487 3457 648 3544 imprimis
673 3457 848 3541 conspicua
871 3457 975 3539 capite
998 3455 1046 3519 VI
1070 3456 1151 3520 dixi:
1186 3457 1241 3540 qui
1266 3457 1365 3522 codex
1390 3481 1445 3523 an·

298 3567 471 3650 tiquiorem
495 3565 689 3649 scripturam
713 3563 902 3648 saepissime
926 3564 1069 3628 servavit
1092 3563 1126 3626 in
1150 3563 1366 3628 Ambrosiano
1390 3564 1445 3629 ob·

300 3673 487 3737 litteratam.

388 3777 434 3842 Vt
456 3801 476 3843 a
498 3779 589 3842 vario
613 3799 672 3842 usu
696 3799 718 3840 n
740 3777 871 3841 litterae
896 3777 1015 3858 ordiar,
1044 3777 1185 3861 primum
1210 3781 1319 3842 autem
1343 3779 1381 3842 de
1404 3799 1444 3859 qu

300 3887 413 3966 dicam,
437 3887 688 3950 consentaneum
714 3887 784 3947 erat
807 3887 840 3946 et
861 3885 934 3965 quoi
955 3885 1066 3965 quoiam
1089 3885 1276 3948 constanter
1299 3889 1332 3949 et
1354 3905 1445 3966 quom

300 3993 397 4058 scribi
426 4013 499 4057 cum
528 3991 688 4056 similibus
718 3989 884 4054 omnibus:
916 3989 980 4053 nisi
1003 3989 1089 4073 quod
1113 3990 1390 4073 praepositionem
1414 3993 1446 4054 et

299 4099 366 4163 vidi
389 4121 516 4182 semper
538 4119 607 4162 cum
631 4096 785 4180 scriptam
809 4098 842 4159 et
865 4095 911 4160 sic
934 4095 1088 4178 scriptam
1107 4095 1257 4160 consulto
1275 4097 1374 4162 tenid.
1407 4095 1445 4160 ln

300 4205 332 4269 A
361 4225 425 4268 non
458 4223 530 4282 Qun
562 4208 690 4269 tantum
721 4223 817 4284 saepe
847 4201 1006 4284 reperitur
1037 4205 1074 4265 ut
1102 4223 1132 4264 v.
1155 4197 1230 4266 404.
1255 4200 1334 4283 611,
1367 4201 1444 4266 item

300 4309 448 4396 (aanuu
466 4313 538 4394 175,
562 4327 647 4386 Quin
665 4308 696 4371 h.
711 4329 737 4371 e.
756 4308 827 4371 cuia
849 4307 902 4389 45,
926 4329 1007 4390 quae
1031 4306 1192 4371 scribendi
1216 4307 1300 4372 ratio
1320 4330 1337 4374 a
1357 4313 1446 4374 certa

389 4537 416 4606 a)
436 4536 488 4610 [Cf.
509 4535 610 4605 opusc.
628 4535 698 4606 phil.
717 4535 755 4588 lv
774 4553 800 4608 p.
822 4541 872 4590 146
892 4535 999 4606 annot]
