3306 5070
263 396 327 460 716
489 412 723 460 urruruisouu
746 399 968 479 nuscuntur,
991 412 1187 479 rnnussun,

446 555 618 621 rueretur.
663 556 769 634 valete,
792 556 862 621 tene
884 577 948 620 rem
967 557 1063 638 uerita
1083 559 1114 620 ct
1134 556 1244 621 vivacita

449 662 568 728 Virtute
589 684 674 743 veru,
697 665 778 746 quod
797 663 911 744 fecistrs
932 661 1087 728 auruum.

396 983 430 1066 d)
458 983 513 1047 Im
537 983 778 1050 Prooemium
807 986 870 1050 des
895 974 1270 1050 Sommersem.'1842

498 1107 550 1192 (dc
573 1112 669 1191 porta
691 1107 793 1174 Metia
816 1131 846 1194 q.
869 1108 891 1173 f.
913 1108 1004 1174 urbis
1028 1105 1173 1194 Romae).

351 1247 445 1314 Novo
470 1250 615 1334 exemplo
639 1273 697 1316 neo
721 1251 853 1336 cognitu
882 1255 920 1317 ut
943 1251 1138 1316 arbitramur
1161 1249 1333 1316 iniucundo
1358 1251 1404 1315 in·

262 1353 447 1438 tellexistis,
475 1357 560 1422 cives
584 1359 758 1443 carissimi,
786 1359 946 1443 quamsit
969 1379 1035 1424 uon
1059 1357 1155 1434 modo
1179 1357 1213 1421 iu
1235 1355 1416 1422 hominum
1485 1373 1494 1380 “

262 1461 332 1524 vita
355 1463 526 1547 communi,
550 1464 605 1528 sed
629 1466 662 1530 iu
682 1465 800 1530 litteris
821 1487 947 1550 quoque
968 1467 1001 1529 et
1018 1464 1236 1550 periculosum
1256 1468 1288 1529 ct
1308 1487 1404 1550 snepe

262 1566 480 1650 perniciosum
504 1570 722 1656 exaedificare,
745 1592 826 1655 quae
851 1592 915 1636 non
939 1570 1006 1636 sint
1029 1569 1142 1635 solidis
1167 1575 1200 1636 et
1218 1571 1306 1636 omni
1326 1592 1404 1636 eura

263 1673 462 1740 confirmatis
499 1675 718 1742 fundamentis
762 1681 992 1762 superstructa.
1051 1675 1122 1742 Hoc
1159 1676 1259 1761 igitur
1296 1682 1404 1742 curate

264 1783 392 1863 praeter
414 1785 529 1866 cetera,
553 1783 608 1868 qui
632 1782 786 1848 inservire
811 1781 985 1866 aliquando
1010 1782 1076 1848 sive
1096 1781 1182 1846 vitae
1200 1783 1314 1848 usibus
1339 1783 1405 1848 sire

264 1887 357 1950 bouis
387 1886 507 1954 litteris
536 1890 668 1975 cupitis,
701 1895 737 1956 ut
763 1890 859 1955 firma
885 1911 970 1954 nune
998 1889 1209 1954 fundamenta
1239 1889 1405 1955 doctrinae

263 1993 400 2058 iacietis.
454 1993 554 2062 Cuius
587 1997 715 2062 consilii
748 1997 890 2061 effectrix
923 1999 1032 2060 vestra
1063 1995 1209 2080 ipsorum
1241 1999 1405 2063 contentio

263 2100 335 2184 erit,
359 2101 499 2166 adiutrix
523 2107 632 2168 eutem
656 2125 766 2169 carum
790 2103 973 2169 scholarum
998 2103 1101 2186 copia,
1125 2124 1205 2186 quas
1225 2103 1258 2166 in
1278 2085 1405 2188 quoque

229 2253 236 2271 .
265 2227 384 2291 genere
408 2207 491 2273 infru
514 2208 699 2292 propositas
723 2208 861 2274 habetis.
908 2208 1031 2286 Quibus
1055 2209 1101 2273 ita
1125 2208 1263 2292 utimini,
1285 2213 1323 2273 ut
1346 2231 1405 2294 par

262 2312 336 2377 inde
360 2314 400 2378 sd
422 2336 483 2379 nos
506 2316 659 2399 voluptas
683 2320 781 2402 atquc
805 2316 846 2381 ad
869 2338 927 2381 vos
946 2315 1071 2380 utilitas
1091 2313 1257 2380 redundet.
1280 2313 1405 2382 Valste.

755 2515 913 2524 --.--ω-ἡ

405 2632 436 2720 e)
460 2635 514 2700 lm
539 2635 779 2701 Prooemium
803 2636 868 2700 des
893 2635 1154 2701 Sommersem.
1182 2636 1265 2700 1843

552 2757 604 2844 (de
629 2764 720 2824 actae
745 2759 927 2825 Trinummi
950 2757 1120 2846 tempore).

353 2901 416 2966 Sed
438 2903 515 2967 sutis
537 2901 779 2968 historrurruust:
812 2906 915 2968 restat
944 2903 1031 2968 enim
1054 2907 1091 2969 ut
1112 2902 1220 2986 vobis,
1247 2901 1406 2966 carissimi

263 3008 516 3091 commilitones,
544 3012 735 3093 vestraeque
759 3008 937 3074 industriae
961 3031 1071 3073 eurum
1096 3009 1280 3076 scholarum
1304 3006 1405 3072 varie·

262 3117 364 3179 tatem
388 3113 658 3199 commendemus
682 3137 762 3200 quus
785 3113 872 3180 iufra
896 3120 928 3180 et
951 3115 1086 3200 largiter
1109 3114 1293 3201 propositas
1318 3113 1404 3178 vide·

264 3223 306 3286 tis
336 3225 369 3286 et
396 3243 554 3286 novorum
582 3222 750 3287 nominum
779 3221 1035 3287 clarissimorum
1063 3221 1247 3288 accessione
1277 3220 1406 3285 liberali

262 3328 373 3393 Ruuls
407 3326 662 3394 Avcvsrrssnu
695 3326 850 3392 beneficio
887 3326 1061 3413 insigniter
1093 3327 1335 3392 condecoratus:
1370 3325 1405 3391 iu

264 3435 373 3518 eisque
397 3451 475 3499 nlvs
499 3433 673 3518 nomine*)
697 3433 766 3518 qui,
790 3434 952 3498 masculae
975 3433 1105 3498 virtutis
1130 3433 1329 3500 luculentum
1354 3456 1404 3500 ex-

264 3540 420 3625 emplum,
447 3563 513 3606 non
535 3540 611 3606 huic
634 3545 761 3605 tantum
787 3541 992 3606 universitati
1016 3545 1209 3627 nostraeque
1233 3542 1320 3624 urbi,
1348 3541 1405 3607 sed

263 3647 430 3713 universae
455 3647 646 3712 Germaniae
670 3645 828 3730 singulari
852 3645 959 3712 decori
983 3651 1032 3712 est
1054 3649 1152 3730 atque
1175 3647 1346 3731 voluptati.

755 3843 914 3853 —---...—

391 3967 423 4052 f)
446 3968 500 4032 Im
524 3967 767 4034 Prooemium
790 3967 854 4032 des
879 3965 1125 4064 Wintersem.
1152 3965 1289 4049 1843s4-

313 4092 532 4178 (quaestiones
556 4091 836 4176 onomatologioae
859 4087 1030 4176 comicae),
1054 4089 1361 4174 Anfsngsworte.

354 4233 431 4300 Sero
455 4235 610 4319 accipitis,
634 4238 671 4299 ut
693 4233 882 4317 consuestis,
906 4231 1089 4298 scholarum
1113 4231 1234 4296 iudices
1257 4231 1406 4317 proximo

266 4342 414 4406 semestri
438 4342 545 4423 spatio
568 4340 798 4424 habendarum,
823 4363 904 4424 quas
927 4339 1103 4426 plurimum
1121 4342 1231 4405 vestra
1250 4339 1406 4404 interesse

349 4469 375 4584 ἕ)
397 4468 438 4585 [r.
458 4515 487 4569 o.
507 4514 689 4588 aarum]
