3322 5068
325 347 390 410 224
631 365 840 414 ursrvrsrro
866 367 911 413 ns
935 367 1160 414 assosrcaan

324 505 390 570 mn
413 505 517 590 Sporu
541 507 603 571 den
625 506 805 593 Freuudcn,
829 509 940 575 liisend
964 509 1029 576 alle
1052 509 1305 575 Feindesiurcht.

324 612 381 677 Ich
405 615 516 698 solbat,
539 614 595 678 des
619 613 744 680 Laudes
767 615 914 701 Grittern,
937 616 998 682 den
1021 617 1347 702 stadtechirmenden,

252 738 304 788 255
324 719 395 784 Den
418 719 669 787 Feldeswaltern
692 722 757 787 und
780 722 842 788 den
865 722 992 790 Htiteru
1016 725 1175 790 euclides
1199 724 1334 809 Markts,

325 827 392 892 Der
414 827 514 893 Dirke
539 827 683 909 Quellen,
707 829 812 895 selbst
835 831 917 900 anch
941 830 996 896 des
1019 831 1165 899 Ismenos
1189 831 1309 914 Strom,

323 933 430 999 Wcun
454 935 538 1001 wohl
563 959 597 1001 es
621 937 761 1022 ausgeht
784 937 848 1002 und
872 938 923 1003 die
947 936 1042 1004 suut
1065 943 1207 1025 gerettet
1230 940 1321 1022 wird,

324 1040 457 1126 Gelobc,
479 1043 553 1108 dass
578 1043 639 1110 deu
663 1041 803 1109 Giittern
826 1041 930 1110 Stiere
954 1044 1090 1130 opiarnd
1114 1045 1179 1112 und

323 1148 387 1214 Mit
409 1149 632 1216 Lammeablut
653 1151 703 1214 die
728 1148 941 1215 Giitterherde
963 1150 1124 1218 trinkend
1147 1153 1207 1217 wir

252 1274 304 1324 roo
323 1253 496 1340 Trophiien
519 1256 653 1340 weihen‚
676 1257 740 1322 und
765 1256 820 1322 der
844 1253 963 1323 Feinds
985 1257 1245 1324 Beuteschmuck

323 1362 390 1430 Sol]
415 1364 542 1428 auden
565 1363 705 1449 heil’gen
727 1361 883 1448 Ternpeln
906 1385 1053 1450 prengen
1076 1366 1377 1451 speerdurchbohrt.

322 1469 398 1536 Das
423 1469 520 1534 sollst
543 1470 585 1534 du
610 1493 672 1536 von
696 1471 759 1535 den
780 1469 928 1556 Giittern,
952 1471 1037 1538 ohne
1061 1471 1206 1558 seufzen,
1229 1473 1324 1558 flehn‚

321 1576 396 1642 Und
419 1576 510 1642 nicht
533 1579 593 1643 mit
615 1579 741 1644 nutzlos
765 1583 992 1664 ungestitmem
1015 1579 1327 1666 Augstgeschluchz.

322 1682 416 1748 Danu
439 1683 532 1748 nicht
555 1684 719 1750 entfliehst
742 1686 784 1750 du
808 1685 922 1750 darum
945 1685 1072 1751 deinem
1096 1685 1263 1754 Schicksal
1290 1687 1390 1751 mehr.

251 1807 303 1856 265
322 1788 379 1854 Ich
403 1791 481 1855 aber
502 1791 569 1856 will
593 1791 686 1857 sacha
709 1791 855 1876 Minuci,
879 1793 981 1858 selbst
1004 1794 1060 1858 der
1083 1793 1238 1878 siebente‚

320 1895 404 1961 Deru
426 1895 527 1963 Feind
550 1898 598 1964 als
622 1897 903 1985 Kampfesgegner
926 1900 986 1965 mit
1008 1903 1222 1987 grossart’ger
1244 1899 1351 1984 Kraft,

321 2001 374 2068 An
397 2002 448 2067 die
472 2003 582 2068 sieben
607 2001 854 2090 Mancrpfortcn
877 2004 1089 2071 aufzustollen
1112 2006 1207 2092 gebu,

320 2109 380 2174 Eh'
403 2109 529 2197 hast’ge
552 2109 725 2177 Botschait
746 2112 846 2178 uahct
869 2113 934 2177 und
958 2112 1240 2198 schnellwogende

320 2213 482 2300 Geriicht’,
504 2217 569 2282 und
592 2217 696 2282 Feuer
718 2217 858 2283 schiiren
880 2217 913 2282 in
938 2217 1010 2284 dem
1034 2217 1148 2304 Drung
1172 2217 1228 2284 der
1250 2217 1351 2286 Noth.

787 2381 866 2388 *u-
874 2381 998 2388 ..ffl-

873 2483 906 2550 V

387 2607 618 2693 Disputatio
648 2611 691 2676 de
718 2609 959 2695 Aeschyleae
988 2609 1142 2695 Septem
1174 2610 1218 2675 ad
1246 2609 1397 2677 Thebas

795 2715 989 2801 parodo.*)

279 2878 305 2918 ιι
407 2857 445 2923 In
463 2857 628 2924 Francisci
648 2858 796 2924 Passovii
816 2859 980 2944 opusculis
998 2858 1189 2927 academicis
1209 2859 1250 2924 ab
1269 2857 1310 2924 N.
1339 2857 1463 2926 Bachio

256 3015 258 3022 ,
319 2965 415 3032 editis
443 2988 525 3050 quae
553 2990 584 3051 p.
611 2967 670 3032 101
683 2988 730 3050 sq.
755 2965 819 3031 mei
846 2966 968 3031 mentio
995 2964 1103 3054 ἢθη),
1131 2989 1203 3032 earn
1227 2964 1390 3032 sciendum
1414 2967 1487 3032 est'

318 3092 530 3100 b-—-

410 3140 436 3212 ⁸)
468 3143 592 3214 [Inserta
620 3144 663 3196 est
690 3139 761 3196 haec
793 3140 949 3212 disputatio
978 3141 1070 3197 libelli
1097 3158 1115 3196 a
1144 3141 1267 3198 Robertc
1286 3141 1380 3214 Enger
1413 3141 1464 3198 ‘da

319 3231 477 3302 Aeschyliis
503 3229 770 3300 antistrophicorum
793 3229 1031 3300 responsionibus’
1057 3229 1256 3299 (Vratislavisc
1283 3230 1359 3301 apud
1383 3229 1412 3287 F.
1433 3229 1463 3285 a.

319 3320 348 3375 C.
364 3319 505 3376 Lcuckart
517 3336 542 3375 a
559 3323 639 3388 1836)
653 3317 773 3386 omues
788 3338 816 3389 p.
828 3325 942 3376 36-46.
979 3319 1021 3374 Ibi
1039 3318 1126 3390 igitur
1143 3319 1215 3374 haec
1234 3322 1330 3374 narrat
1354 3323 1463 3375 auctor:

320 3407 469 3465 ‘Carminis
490 3407 574 3466 huius
597 3407 709 3464 fabulae
733 3407 918 3478 (Aeschyleae
942 3408 1056 3478 Septem
1079 3407 1115 3464 sd
1139 3407 1261 3478 Thebas)
1285 3407 1370 3478 primi
1391 3423 1463 3478 quae

318 3497 446 3554 condicio
464 3497 503 3554 sit
524 3515 609 3568 supra
632 3497 789 3568 significavi
799 3539 893 3554 ......
936 3497 1073 3563 Quocirca
1096 3496 1229 3567 quoniam
1246 3514 1337 3566 neque
1359 3513 1463 3568 negare

318 3587 550 3658 antistrophicam
576 3586 785 3658 responsionem
803 3603 893 3656 neque
918 3585 1059 3642 affirmare
1077 3584 1244 3656 simpliciter
1263 3585 1402 3656 conducit,
1420 3587 1462 3640 in·

317 3677 427 3746 tagram
453 3675 581 3732 intellexi
603 3675 658 3733 sibi
684 3676 758 3731 hano
783 3693 842 3730 rem
867 3691 983 3746 poscere
1005 3675 1239 3746 disputationem,
1265 3677 1298 3730 ut
1325 3673 1463 3745 quidquid

317 3764 450 3820 statuitur
477 3782 532 3835 quo
558 3767 698 3820 statuatur
720 3765 780 3820 iure
802 3764 994 3836 perspiciatur.
1032 3763 1199 3819 Deterrebat
1219 3765 1314 3820 tamen
1332 3764 1373 3818 rei
1391 3763 1463 3818 diiii-

317 3855 408 3910 cnltas
427 3871 544 3923 summa,
562 3855 757 3927 imperfectum
775 3871 841 3911 vero
859 3853 1018 3922 relinquare
1036 3853 1112 3922 qnod
1130 3851 1262 3909 inchoavi
1281 3853 1368 3908 semel
1384 3851 1462 3923 pige-

317 3945 379 3999 bat:
399 3943 441 3998 ire
458 3943 492 3998 nt
509 3942 580 3998 nihil
599 3943 742 4014 acceptius
755 3943 840 4010 atque
855 3940 1028 3996 commodius
1042 3940 1111 3995 mihi
1126 3941 1253 3997 accidere
1267 3943 1363 4012 posset
1376 3958 1461 4011 quam

316 4031 392 4101 quod
414 4031 571 4088 Fridericus
590 4031 761 4088 Ritschelius
789 4032 954 4100 praeceptor
976 4046 1055 4084 meus
1077 4029 1147 4084 mihi
1171 4029 1347 4100 significarit,
1375 4047 1461 4100 quum

316 4123 406 4176 totam
425 4121 498 4176 hauc
516 4138 576 4176 rem
595 4139 657 4177 cum
671 4137 705 4176 ec
720 4118 978 4188 communicassem,
998 4117 1081 4174 facile
1100 4136 1145 4174 me
1163 4135 1245 4190 posse
1264 4136 1297 4174 ex
1316 4119 1369 4176 hac
1387 4118 1461 4174 diffi-

316 4209 422 4265 cultate
441 4209 576 4280 expediri,
595 4210 619 4265 si
638 4225 722 4278 quam
742 4205 915 4264 emendando
934 4207 1001 4262 huic
1020 4208 1135 4262 carmini
1153 4224 1268 4278 operam
1290 4209 1411 4276 navarit,
1429 4207 1460 4262 iu

316 4316 410 4354 meum
434 4298 618 4356 converterim
640 4315 730 4352 nsum.
768 4297 833 4366 Ipsa
855 4295 913 4350 eius
938 4295 1024 4352 rerba
1046 4295 1117 4351 haec
1141 4300 1218 4352 sunt:
1244 4297 1297 4354 <In
1321 4295 1461 4352 Francisci

316 4388 442 4444 Passovii
461 4389 551 4444 etar'
591 4389 619 4443 C.
638 4387 697 4458 W.]

387 4477 428 4548 **)
449 4477 504 4548 [lbi
521 4477 551 4532 in
570 4475 752 4532 adnotatione
771 4473 894 4545 paredus
912 4473 1079 4530 describitur
1093 4491 1126 4529 ex
1145 4473 1293 4531 Ritschelii
1313 4473 1460 4544 sententis,
