3338 5072
298 403 363 467 328
587 415 847 464 naonasounan
871 415 918 461 na
943 411 1154 462 aarrosrnvs

297 566 365 626 tur:
393 561 550 645 reliquos,
579 561 634 645 qui
662 559 703 624 ad
730 580 881 623 versuum
905 557 1147 623 similitudinem
1171 560 1229 622 ant
1256 555 1364 639 aliquo
1388 557 1445 618 aut

298 667 460 753 probabili
489 664 540 754 (ut
566 665 646 753 312)
675 687 824 732 successu
846 665 969 731 redacti
993 669 1115 749 essent,
1143 663 1293 728 cancellis
1320 661 1444 726 inclusi.

299 775 449 840 Ceterum
477 796 542 840 non
571 773 804 860 glossematum
834 773 866 838 in
893 795 1028 868 numero
1052 769 1231 854 habendos,
1259 769 1315 834 sed
1338 791 1444 835 errore

299 881 507 948 librariorum
530 879 665 945 iteratos
685 903 765 964 esse,
788 881 844 965 qui
863 880 896 945 in
915 881 1009 945 libris
1029 879 1180 946 omnibus
1199 879 1352 965 leguntur
1370 883 1445 963 post

299 1013 327 1054 v.
357 989 421 1054 704
453 992 486 1052 et
515 991 591 1072 post
623 987 696 1067 705,
728 988 947 1073 unusquisque
979 987 1148 1072 perspicit,
1180 1009 1376 1072 quamquam
1407 1009 1445 1051 ex

299 1100 392 1182 parte
416 1099 545 1160 tantum
568 1094 671 1159 Italus
695 1099 858 1160 corrector
880 1095 1044 1179 perspexit
1067 1117 1140 1160 cum
1163 1093 1296 1160 Merula

391 1203 483 1280 Quod
507 1206 615 1267 antem
640 1201 799 1286 singulari
817 1201 986 1288 diligentia
1011 1223 1131 1286 eorum,
1155 1225 1237 1289 qnae
1255 1204 1305 1268 vel
1325 1203 1445 1270 excide·

300 1312 366 1376 rint
393 1311 428 1375 in
456 1309 621 1374 codicibus
654 1308 705 1372 vel
737 1308 1024 1392 transpositionem
1056 1331 1154 1394 passa
1186 1310 1268 1394 sint,
1300 1312 1446 1396 exempla

301 1417 465 1501 superiore
489 1417 594 1501 capite
618 1415 800 1500 composui,
828 1420 860 1479 et
883 1417 1033 1481 consulto
1057 1415 1185 1501 quidem
1209 1419 1446 1501 praetermissis

301 1545 437 1610 quorum
466 1522 621 1588 iudicatio
645 1544 662 1586 e
686 1522 890 1588 subtiliorum
920 1523 1030 1609 legum
1054 1525 1257 1590 metricorum
1281 1527 1446 1609 prosodia·

300 1651 472 1714 carumque
500 1629 647 1696 doctrina
675 1629 842 1714 penderet,
869 1627 902 1692 id
929 1650 1004 1694 vero
1028 1630 1075 1695 ita
1102 1630 1243 1714 institui,
1270 1635 1308 1696 ut
1330 1633 1371 1698 ab
1395 1655 1446 1698 er-

300 1737 434 1822 ploratis
450 1735 704 1822 indubitatisque
723 1735 887 1820 profectus
906 1740 993 1801 certa
1013 1737 1228 1803 ratiocinandi
1247 1738 1300 1803 via
1318 1761 1447 1824 possem

300 1844 341 1909 ad
365 1866 403 1908 ea
424 1843 584 1931 progredi,
608 1865 689 1928 quae
713 1865 785 1908 oum
810 1847 985 1908 metrorum
1009 1844 1181 1928 disciplina
1200 1845 1350 1910 universa
1373 1867 1447 1911 con·

300 1952 411 2016 iuncta
434 1951 577 2017 omnium
601 1951 740 2016 maxime
764 1971 834 2014 esse
853 1954 1063 2016 controversa
1082 1951 1211 2016 scirem:
1235 1953 1363 2037 quando
1382 1953 1447 2018 illis

299 2059 381 2143 ipsis
404 2058 529 2124 duobus
553 2057 725 2144 generibus
745 2060 922 2121 metrorum
940 2060 978 2121 ut
995 2056 1182 2141 depravatio
1201 2057 1247 2122 ita
1266 2059 1447 2125 emendatio

301 2165 478 2230 maximam
502 2170 627 2250 partem
648 2165 839 2230 continetur.
876 2163 921 2228 llt
940 2164 1084 2230 omnium
1103 2165 1231 2250 quidem
1251 2166 1448 2231 uberrimum

208 2299 288 2340 nxxr
302 2273 337 2336 in
359 2270 518 2337 Plautinis
542 2272 661 2337 fabulis
685 2271 941 2356 corruptelarum
965 2271 1088 2336 iontem
1112 2273 1177 2336 iam
1201 2273 1279 2338 olim
1298 2272 1363 2337 dixi
1382 2296 1448 2338 non

300 2378 402 2444 inisse
433 2379 532 2443 alium
560 2378 623 2442 nisi
652 2378 751 2463 quod,
779 2400 851 2443 cnm
879 2378 914 2442 in
942 2377 1094 2443 familiari
1122 2399 1268 2445 sermone
1292 2381 1449 2466 plurimae

302 2507 396 2550 voces
419 2485 471 2550 vel
495 2485 607 2550 abesse
630 2484 682 2549 vel
710 2485 859 2550 accedam
882 2485 933 2550 vel
961 2483 1052 2587 varip
1075 2506 1146 2550 sese
1169 2487 1282 2552 ordine
1305 2489 1449 2572 excipere

302 2592 391 2657 nullo
425 2593 603 2657 sententiae
636 2595 732 2677 amne
760 2591 840 2657 adeo
873 2593 1051 2679 elegantiae
1083 2593 1274 2660 detrimento
1307 2601 1451 2678 possent,

302 2699 419 2763 horum
451 2697 534 2763 nihil
567 2721 634 2764 non
665 2699 872 2765 librariorum
904 2721 1031 2785 quoque
1064 2701 1196 2766 levitate
1228 2702 1450 2786 imprudenter

303 2804 527 2869 admitteretur
550 2805 746 2890 saepissime.
785 2803 877 2881 Quod
897 2807 925 2871 si
944 2807 991 2871 ita
1010 2829 1080 2872 esse
1100 2808 1295 2892 conceditur,
1319 2812 1357 2874 ut
1375 2831 1448 2874 oon·

303 2911 372 2976 cedi
400 2911 572 2976 multitudo
600 2912 821 2996 exemplorum
849 2913 955 2996 iubet,
987 2935 1050 2997 qno
1078 2917 1115 2978 tu
1144 2915 1226 2979 miro
1251 2920 1347 3002 atque
1370 2916 1449 2982 adeo

303 3016 490 3103 prodigioso
514 3039 590 3084 casu
614 3020 688 3083 illas
714 3021 910 3086 mutationes
933 3020 1064 3105 putabis
1087 3025 1215 3086 tanturn
1234 3023 1276 3088 ad
1298 3045 1450 3089 numeros

304 3125 554 3209 corrumpendos
573 3147 749 3210 numquam
773 3127 934 3192 valuisse?
972 3125 1016 3192 Et
1037 3131 1147 3193 tamen
1172 3130 1236 3215 qui,
1258 3131 1314 3196 nbi
1337 3132 1387 3196 vel
1411 3132 1450 3196 ad

305 3233 482 3297 sententiae
505 3233 727 3320 integritatem
751 3234 800 3297 vel
824 3234 864 3299 ad
884 3235 1132 3320 grammaticam
1151 3237 1310 3302 rationem
1329 3237 1450 3324 aliquid

304 3339 516 3424 desideratur,
544 3361 611 3407 non
631 3333 790 3427 'defugere
818 3341 869 3405 vel
896 3342 1182 3426 transpositionem
1205 3344 1376 3410 verborum
1400 3347 1450 3411 vel

307 3445 519 3512 adiectionem
553 3447 671 3526 solent,
705 3447 800 3511 simul
831 3452 928 3533 atque
959 3453 1091 3516 ventum
1123 3453 1173 3514 est
1204 3450 1244 3516 ad
1275 3456 1450 3517 metrorum

306 3553 567 3637 concinnitatem,
591 3554 719 3618 easdem
742 3554 933 3619 emendandi
957 3559 1043 3620 artes
1067 3557 1175 3622 neseio
1194 3580 1258 3642 quo
1277 3558 1362 3623 fastu
1382 3581 1451 3644 per-

306 3659 499 3724 horrescunt
528 3681 630 3744 quave
663 3661 892 3746 superstitione
925 3662 971 3728 eis
1004 3662 1158 3728 adhibitis
1188 3664 1350 3748 piaculum
1383 3666 1451 3730 fieri

307 3766 484 3830 clamitant.
515 3764 636 3832 Verum
655 3767 716 3833 bos
734 3768 862 3853 quidem
883 3770 977 3834 mitto
1000 3771 1035 3834 in
1058 3791 1221 3855 praesens,
1244 3772 1284 3836 ad
1303 3772 1451 3838 metricas

306 3873 543 3957 disputationes
566 3874 654 3939 infra
676 3896 876 3942 reversurus:
899 3877 1015 3962 quibus
1034 3881 1144 3942 temen
1162 3900 1221 3962 pro
1241 3879 1452 3946 fundamento

308 4003 378 4045 esse
405 3979 489 4046 hano
517 3981 621 4067 ipsam
649 3982 929 4049 ratiocinationem
951 3983 1042 4062 volo,
1064 4007 1128 4069 qua
1151 4007 1202 4050 me
1225 3985 1322 4051 etiam
1346 3992 1452 4052 tacen-

308 4092 373 4152 tem
396 4089 445 4154 nti
468 4089 701 4154 recordandum
724 4089 795 4154 erit.
818 4127 861 4136 -
886 4089 932 4155 Vt
954 4095 1062 4156 autem
1085 4092 1383 4178 interpolationem,
1407 4095 1453 4160 ita

307 4197 440 4261 lacunas
468 4217 595 4281 quoque
625 4199 721 4281 atque
749 4197 1021 4281 transpositiones
1044 4220 1111 4263 non
1135 4203 1185 4263 eet
1208 4199 1324 4264 mirum
1348 4222 1368 4264 a
1390 4201 1453 4264 sin-

309 4303 395 4389 gulis
420 4302 552 4369 vocibus
577 4303 617 4368 ad
640 4303 786 4388 integros
809 4325 920 4368 versus
943 4305 1146 4388 pertinuisse.
1193 4306 1241 4370 Ac
1263 4306 1303 4371 de
1326 4306 1452 4371 lacunis

309 4409 439 4495 quidem
462 4410 665 4494 gravioribus
688 4409 821 4495 exposui
845 4410 950 4494 capite
971 4411 1019 4476 ll:
1048 4411 1322 4497 transpositorum
1346 4415 1453 4477 autem

310 4520 439 4600 praeter
465 4515 611 4581 codicum
638 4515 734 4580 fidem
763 4538 913 4583 versuum
937 4519 1084 4602 exempla
1106 4517 1207 4584 habes
1229 4539 1258 4583 r.
1281 4519 1356 4584 320.
1379 4518 1453 4584 369.
