3306 5070
716 430 869 480 amnuo.
1297 410 1362 476 765

222 575 281 661 qui
299 576 382 641 telis
404 577 526 661 legunt,
548 575 667 641 iudicio
692 579 861 660 proponat.
893 574 1032 640 Videtur
1054 573 1117 639 hoc
1140 597 1160 640 a
1183 573 1361 638 maioribus

221 682 267 748 sic
295 683 481 748 institutum
509 703 595 766 esse,
626 703 692 746 non
720 686 788 746 tam
815 685 852 746 ut
881 681 1032 766 cuiquam
1060 685 1208 746 nostrum
1238 679 1362 766 ingenii
1480 735 1484 744 .

219 789 415 854 exercitandi
439 789 565 854 occasio
588 788 807 872 praeberetur,
830 811 869 853 ea
892 789 978 854 enim
1001 787 1189 854 hominibus
1209 787 1360 852 eruditio

217 895 307 960 ribus
330 919 396 961 non
420 897 514 961 facile
537 896 644 980 deest,
671 917 732 959 nec
760 899 797 960 ut
825 896 941 980 aliquis
965 894 1005 959 ad
1029 895 1236 980 quaestiones
1258 916 1360 959 novas

219 1006 316 1088 etqde
335 1003 567 1068 reconditiores
583 1001 800 1067 instituendas
816 1002 1042 1087 instigaretur,
1060 1002 1152 1067 nullo
1172 1002 1258 1065 enim
1269 1000 1361 1090 eius·

220 1108 312 1174 modi
334 1109 544 1176 incitamento
569 1131 649 1193 opus
669 1109 794 1194 osteis,
817 1110 872 1193 qui
891 1109 926 1172 in
942 1109 1023 1194 ipsis
1043 1108 1164 1172 litteris
1183 1109 1362 1189 versantur,

224 1215 283 1280 sed
312 1221 349 1282 ut
376 1214 595 1281 adolescentes
625 1215 808 1280 litterarum
838 1213 975 1279 studiosi
1006 1213 1067 1278 hoc
1099 1214 1245 1299 exemplo
1268 1213 1361 1298 quasi

221 1321 360 1406 quodam
379 1322 512 1387 stimulo
532 1321 572 1386 sd
591 1321 770 1386 certamina
787 1321 937 1407 gnaviter
957 1318 1123 1385 subeunda
1141 1319 1362 1386 incitarentur.

221 1426 293 1492 Hoc
316 1449 392 1494 vero
417 1450 502 1494 anno
526 1428 649 1495 edenda
671 1428 734 1494 fuit
757 1426 972 1492 certaminum
994 1426 1131 1493 indictio
1153 1427 1242 1493 nuda
1259 1427 1361 1492 omni-

221 1556 284 1620 que
307 1534 499 1600 eruditionis
523 1537 639 1600 ornatu
662 1556 773 1600 vacue.
819 1531 956 1618 Collega
979 1534 1064 1599 enim
1087 1534 1292 1600 doctissimus
1317 1537 1363 1600 at·

222 1663 283 1727 que
314 1641 584 1726 humanissimus,
616 1642 671 1726 qui
705 1641 791 1725 apud
820 1661 881 1705 nos
913 1641 1197 1726 programmatsrii
1229 1663 1362 1706 munere

219 1745 376 1833 fungitur,
399 1747 582 1814 Ludovicus
606 1747 749 1832 Longius
773 1770 793 1812 a
815 1745 915 1831 febre,
937 1769 1034 1830 quam
1058 1748 1093 1812 in
1111 1748 1226 1813 itinere
1245 1747 1361 1813 Italico

218 1869 277 1939 per
306 1854 404 1920 ferias
432 1855 635 1920 autumnales
664 1856 814 1938 suscepto
844 1853 906 1917 sibi
935 1853 1110 1938 contraxit,
1143 1855 1288 1920 nondum
1315 1855 1363 1919 ita

219 1961 411 2045 revaluerat,
434 1965 471 2025 ut
495 1983 533 2026 cx
552 1959 742 2045 multiplicis
761 1982 826 2044 qus
844 1962 978 2024 ornatus
997 1962 1047 2024 est
1065 1960 1257 2026 eruditionis
1277 1982 1362 2044 penu

222 2066 344 2150 aliquid
367 2089 561 2152 praeparare
584 2072 617 2132 et
640 2067 674 2130 in
697 2066 863 2150 publicum
887 2064 979 2130 edere
1002 2071 1122 2151 posset.

307 2172 400 2238 Nihil
423 2174 525 2258 igitur
548 2176 661 2253 restat,
684 2171 748 2236 nisi
771 2177 808 2236 ut
832 2173 945 2237 statim
970 2173 1011 2237 ad
1035 2195 1106 2236 eam
1129 2194 1198 2237 rem
1220 2177 1362 2239 transea-

220 2303 301 2364 mus,
324 2301 404 2363 quae
428 2281 545 2365 agitur.

656 2549 658 2554 ⁸
768 2530 817 2595 11.

512 2671 736 2758 Erklitrung
764 2671 829 2736 der
856 2669 1070 2737 Redection

429 2776 487 2864 (im
511 2778 624 2844 Rhein.
648 2778 797 2844 Museum
821 2777 878 2843 Bd.
900 2777 996 2843 XVII
1019 2801 1050 2862 p.
1069 2774 1159 2864 328).

310 2920 349 2985 In
371 2920 474 3007 Folgc
497 2922 585 2986 sines
609 2920 667 2985 das
690 2919 926 2986 Rheinische
949 2920 1120 2985 Museum
1144 2920 1361 3006 betreffendeu

222 3027 530 3114 Zeitungsartikels,
557 3027 614 3092 der
638 3051 696 3092 aus
721 3028 825 3092 eiuem
848 3027 1099 3092 Pommerschen
1123 3026 1229 3112 Blatt,
1260 3027 1363 3093 worin

221 3158 256 3201 er
283 3157 415 3202 anseres
439 3135 586 3201 Wissens
615 3137 722 3200 zuerst
750 3135 911 3219 orechten,
939 3135 973 3199 in
996 3133 1221 3199 verschiedcne
1245 3134 1362 3200 andere

220 3243 473 3328 dbergegaugcn
501 3243 556 3325 ist,
590 3241 662 3306 sind
691 3241 746 3306 der
774 3241 955 3307 Redaction
983 3241 1167 3309 mehrfsche
1195 3241 1363 3326 Anfragen

222 3350 301 3414 iiber
330 3349 389 3414 das
417 3347 654 3413 Fortbestehcn
685 3348 762 3412 oder
792 3347 1034 3414 vermeintliche
1061 3347 1230 3433 Eingehcn
1259 3348 1363 3412 dieser
1418 3377 1419 3380 ¹

221 3455 408 3522 Zeitschrift
436 3455 682 3541 zugekommen,
716 3455 767 3520 die
795 3477 857 3520 uns
885 3479 923 3520 zu
946 3454 1202 3521 nachstahender
1225 3455 1362 3521 Aufkle-

219 3583 304 3648 rung
327 3563 547 3648 verpflichtcn.

309 3669 355 3736 Es
371 3671 417 3736 ist
433 3670 563 3756 richtig,
583 3669 657 3736 dass
679 3670 749 3735 dem
767 3668 984 3735 Rheinischen
998 3669 1147 3734 Muscam
1161 3669 1232 3735 eine
1246 3667 1362 3734 Unter·

220 3781 374 3862 stdtaung
396 3799 454 3842 aus
478 3775 728 3863 Stactsmitteln,
750 3777 802 3842 die
825 3777 893 3842 ihm
917 3777 979 3843 seit
997 3775 1197 3844 Niebuhr's
1221 3776 1285 3840 und
1305 3777 1361 3841 des

220 3883 385 3950 Ministsrs
414 3907 488 3950 von
510 3885 735 3951 Altenstein
763 3883 875 3949 Zeiten
898 3887 995 3949 unter
1023 3884 1109 3948 allen
1137 3881 1362 3966 prcussischen

220 3991 424 4057 Ministerieu
448 3991 713 4078 nngcschmitlert
736 3991 908 4077 geblieben
927 4012 1003 4076 war,
1027 3991 1089 4055 seit
1102 3989 1235 4075 Aufeng
1257 3990 1361 4055 dieses

221 4096 339 4164 Jahres
353 4098 454 4164 durch
470 4097 532 4162 den
541 4098 649 4163 Herrn
659 4097 1002 4164 Staatsministervon
1018 4091 1361 4163 Bethmann-Holl·

221 4224 301 4288 weg
324 4225 437 4290 wegen
460 4202 670 4288 mangelnder
688 4204 796 4269 Fonds
815 4205 965 4270 insoweit
983 4209 1141 4291 entzogen
1160 4205 1291 4269 worden
1310 4204 1362 4288 ist,

220 4308 295 4375 dass
318 4310 370 4375 die
394 4309 519 4376 Aurahl
542 4332 611 4395 ¹von
634 4309 863 4395 Exemplaren,
892 4311 944 4376 die
971 4312 1023 4377 bis
1046 4311 1144 4378 dahin
1167 4311 1282 4377 behufs
1305 4310 1362 4377 der

222 4415 440 4501 Vertheilung
467 4437 510 4480 sn
537 4416 740 4500 prcussische
764 4415 963 4501 Gymnasien
987 4441 1059 4483 aum
1085 4417 1217 4484 Anksuf
1235 4419 1363 4504 kamen,

221 4523 279 4590 arf
289 4522 324 4610 ²l,
338 4525 567 4609 herabgesetat
580 4525 698 4590 wurde.
725 4524 771 4590 Es
789 4525 834 4590 ist
852 4526 933 4590 auch
953 4525 1083 4613 richtig,
1101 4525 1175 4592 dass
1195 4547 1255 4592 uns
1274 4526 1362 4592 diese
