3332 5074
555 403 817 453 sununsrrours
841 403 1049 452 1111111111.
1307 386 1373 450 445

231 549 374 634 evadere.
420 550 478 615 Eis
506 549 608 634 igitur
635 549 796 634 angustiis
825 551 862 612 ut
889 569 923 612 se
952 547 1154 631 expedirent,
1181 567 1254 610 cum
1278 546 1372 611 alter·

230 663 338 722 utram
362 657 522 722 rationem
546 660 711 742 oporteret
733 656 917 740 paullulum
941 654 1052 720 cedere
1076 653 1180 738 alteri,
1203 672 1373 737 praeroga-

230 765 332 828 tivam
363 764 494 848 quidem
526 786 654 848 semper
683 763 857 828 voluerunt
888 761 1082 846 quantitatis
1115 783 1200 844 esse,
1232 759 1273 824 ad
1305 761 1481 826 eiuscovnr

230 876 339 936 autem
358 871 577 936 constantiam
596 875 746 936 accentus
766 870 1025 936 observationem
1048 868 1234 933 modicam
1253 889 1374 934 111111-

230 978 411 1044 modarunt.
560 1051 565 1057 ,

319 1084 478 1169 Exemplo
503 1107 571 1150 rem
596 1085 776 1150 declarabo.
823 1083 1005 1149 Nemeum
1029 1083 1111 1148 ratio
1136 1075 1242 1147 omnis
1266 1104 1375 1146 accen·

230 1197 284 1256 tus
302 1192 397 1257 latini
416 1192 686 1278 duabuslegibus
706 1190 938 1277 principalibus
957 1190 1008 1254 his
1028 1191 1244 1256 contineatur:
1263 1187 1376 1270 altera,

227 1303 268 1364 ut
295 1320 377 1383 quae
411 1299 569 1364 voeabula
598 1296 867 1383 hyperdisyllaba
896 1296 1129 1380 paenultimam
1158 1295 1289 1380 longam
1318 1293 1374 1358 ha·

230 1403 329 1469 beant
352 1409 557 1488 paroxytona
581 1405 660 1488 siut,
683 1425 765 1488 quae
788 1403 934 1485 brevem,
958 1405 1235 1487 propatorytoua:
1264 1401 1376 1482 altera,

230 1515 269 1576 ut
292 1512 407 1576 ultima
430 1511 558 1595 syllaba
580 1512 753 1576 verborum
776 1509 1057 1596 polysyllaborum
1085 1509 1302 1593 quorumlibet
1326 1529 1375 1572 ac·

231 1621 368 1701 centum,
388 1619 476 1683 utin
496 1618 610 1704 lingua
628 1619 798 1701 barytoua,
817 1639 994 1701 numquam
1009 1616 1157 1700 recipiat:
1177 1636 1375 1699 consequens

232 1724 294 1788 fuit
317 1729 367 1809 ut,
401 1725 487 1809 quod
511 1724 552 1788 ad
575 1729 742 1790 accentum
766 1725 897 1806 attinet,
930 1745 1003 1789 vere
1031 1722 1213 1788 iambicis
1241 1721 1375 1787 vocibus

231 1831 401 1915 bisyllabis
424 1830 483 1917 (or
502 1833 631 1898 etitem
649 1830 707 1918 υυ’)
728 1832 861 1898 omnino
886 1835 1010 1896 careret
1032 1830 1136 1895 latina
1160 1829 1281 1915 lingua.
1311 1827 1375 1892 Ita-

232 1960 293 2021 que
316 1936 378 2002 hoc
397 1937 548 2003 licentiae
567 1943 693 2003 veteres
717 1938 766 2002 illi
790 1938 853 2002 sibi
877 1941 1085 2022 sumpserunt
1108 1938 1236 2021 praeter
1259 1939 1376 2018 cetera,

230 2048 267 2107 ut
299 2043 538 2127 bisyllaborum
570 2043 821 2124 vocabulorum,
855 2065 993 2128 quorum
1026 2043 1133 2108 brevis
1166 2041 1376 2127 paenultima,

232 2170 444 2234 permagnam
480 2149 722 2215 multitudinem
759 2173 825 2215 non
862 2149 908 2214 sic
941 2149 1192 2234 pronuntiarent
1224 2159 1281 2233 (a,
1318 2149 1374 2212 sed

232 2261 346 2320 contra
377 2261 474 2342 atque
504 2257 557 2322 lex
588 2262 739 2322 accentus
768 2256 971 2340 postulabat,
1004 2260 1155 2320 acuerent
1185 2256 1218 2320 11
1250 2255 1375 2338 ultima,

229 2365 313 2427 111111
333 2362 490 2451 itidemst)
536 2362 629 2440 Quod
652 2363 715 2427 nisi
737 2363 785 2427 ita
807 2363 1035 2446 instituissent,
1058 2384 1098 2426 11
1121 2384 1222 2427 unum
1245 2362 1375 2446 quidem

230 2470 393 2534 senarium
416 2469 521 2535 facere
544 2469 728 2553 potuissent
757 2469 835 2554 quin
859 2491 932 2534 eum
956 2469 1007 2533 vel
1033 2469 1257 2553 monosyllabo
1282 2491 1374 2534 voca-

231 2577 306 2641 bulo
330 2577 543 2640 terminarent
565 2575 618 2640 vel
641 2574 904 2661 hyperdisyllabo
928 2576 1013 2660 quod
1037 2576 1072 2640 in
1095 2577 1258 2661 dactylum
1283 2577 1373 2641 creti·

230 2703 343 2747 cumve
367 2681 537 2747 desineret.
583 2681 736 2746 Admisso
761 2686 869 2747 autem
892 2683 926 2746 in
954 2683 1102 2747 senarii
1127 2683 1271 2748 exitum
1294 2682 1374 2747 iam-

229 2789 302 2853 bico
321 2788 480 2854 vocabulo
504 2809 615 2852 rursus
638 2789 708 2872 pari
732 2789 867 2872 penuria
890 2792 988 2874 atque
1011 2789 1114 2854 multo
1134 2789 1232 2853 etiam
1252 2789 1375 2854 maiore
1390 2812 1461 2853 cunr

229 2895 395 2978 proximus
426 2901 500 2960 ante
531 2897 658 2958 sextum
689 2894 803 2978 pedem
835 2895 925 2960 locus
956 2896 1175 2978 premebatur:
1212 2894 1376 2980 usigitur

230 3001 306 3066 hinc
329 3007 435 3066 cetera
457 3005 588 3086 praeter
612 3001 837 3094 monosyllaba
860 3005 893 3066 11
915 3001 1036 3065 cretica
1059 3004 1092 3064 et
1115 3006 1202 3065 certa
1224 3001 1376 3086 hyperdi·

231 3109 359 3193 syllaba
382 3108 539 3173 vocabula
562 3108 807 3173 excluderentur
829 3108 952 3192 omnia,
979 3129 1017 3171 ex
1045 3107 1176 3175 ultimi
1204 3107 1316 3190 pedis
1340 3107 1376 3171 li·

230 3216 336 3280 centia
354 3215 587 3280 consectariam
607 3236 676 3279 esse
695 3214 778 3279 11111
797 3215 935 3279 alteram
954 3213 1134 3298 voluerunt,
1157 3219 1194 3278 ut
1213 3215 1246 3277 in
1266 3236 1376 3297 paen·

231 3321 372 3385 ultimo
396 3322 467 3386 loco
491 3343 557 3386 nou
581 3322 676 3386 modo
700 3322 777 3386 item
805 3322 959 3406 iambica,
983 3321 1038 3386 sed
1066 3321 1165 3385 etiam
1192 3319 1377 3404 spondiaca,

231 3429 451 3512 anapaestica,
483 3427 719 3512 choriambica,
751 3428 938 3513 molossica,
971 3429 1077 3493 ionica
1108 3428 1265 3493 vocabula
1296 3424 1376 3512 (una

336 3709 362 3777 ³)
392 3707 476 3762 Cuius
505 3709 544 3763 rei
570 3689 697 3764 11111111
721 3709 790 3765 11111
814 3710 900 3765 etiam
926 3710 1011 3766 altius
1036 3713 1170 3782 repetere.
1213 3709 1287 3764 Nam
1313 3727 1375 3765 cum

230 3796 363 3852 cretica
380 3795 519 3852 vocabula
537 3798 643 3867 omnia,
664 3799 790 3854 11111111
808 3798 920 3869 vulgari
937 3791 1165 3870 pronuntiatione
1184 3817 1255 3855 unus
1274 3799 1376 3870 princi·

230 3884 303 3957 palis
322 3889 454 3942 accentus
473 3886 519 3942 hic
538 3889 582 3942 111
599 3909 616 3940 a
630 3915 649 3940 o
662 3932 692 3959 -,
711 3889 740 3942 11
759 3888 895 3944 iambicos
914 3890 1129 3959 trochaicosque
1144 3907 1239 3944 versus
1257 3905 1292 3942 111
1311 3905 1375 3958 pos-

230 3977 294 4030 sent
317 3975 429 4044 quidem
454 3976 537 4032 aliter
559 3978 614 4032 uisi
633 3978 673 4032 sic
691 3978 795 4032 intrare
812 3979 846 4031 11
864 3977 947 4032 simul
965 3978 1068 4033 ultima
1086 3979 1208 4048 syllaba,
1237 3977 1315 4032 cuius
1334 3993 1376 4030 se·

230 4063 377 4120 cundarius
399 4066 510 4120 tautum
534 4069 664 4121 accentus
688 4066 817 4134 quidam,
841 4067 892 4122 sub
916 4067 1000 4121 arsim
1027 4067 1141 4122 caderet
1163 4064 1249 4134 priori
1272 4063 1376 4118 arrisi

229 4171 342 4222 prorsus
361 4171 457 4224 parem
476 4173 493 4206 1
507 4179 526 4206 υ
538 4174 574 4208 r:
601 4153 632 4207 iu
655 4155 736 4209 11111
754 4155 854 4210 horum
874 4154 1055 4210 multitudine
1073 4171 1131 4208 non
1149 4155 1302 4224 potuerunt
1319 4169 1375 4207 nou

230 4258 312 4297 11111
330 4243 414 4312 plane
433 4258 592 4298 assuescere
611 4257 645 4296 11
663 4241 786 4312 ratione,
805 4259 861 4312 qua
879 4244 992 4298 brevem
1011 4242 1214 4314 paenultimam
1233 4239 1374 4312 excipiens

229 4331 316 4402 longa
333 4330 435 4386 ultima
454 4331 602 4385 accentum
620 4330 760 4399 reciperet
778 4333 890 4401 praeter
907 4329 1063 4400 legitimam
1079 4328 1309 4384 consuetudinem
1323 4329 1374 4382 lin·

229 4432 316 4490 gnae.
347 4419 420 4476 Hinc
443 4421 543 4492 igitur,
570 4437 654 4488 quam
677 4419 769 4475 facilis
798 4420 876 4475 velut
898 4421 1062 4490 aperaidd
1080 4420 1217 4488 perfidum
1242 4421 1375 4475 transitus

229 4508 309 4564 lieret
327 4509 363 4564 ad
381 4511 456 4565 uidet
474 4511 562 4579 fidem,
582 4511 610 4562 11
628 4507 797 4580 perspicitur
815 4511 845 4564 et
863 4509 982 4564 sentitur
999 4507 1144 4566 facillime.
