3306 5070
335 406 492 457 υυοιουπ
516 407 585 456 λον
608 407 670 456 nm
694 405 879 458 εοποιοππ
902 405 973 454 νου
996 403 1251 463 mmmmm.
1301 387 1364 452 691

270 551 325 615 Καὶ
348 551 459 630 δηίοιςι
483 551 623 630 πύρεςςι·
647 548 779 629 μόλιςτα
802 547 831 612 δ’
853 547 904 628 ὅγ’
926 547 1138 628 ἡγεμόνεςςιν,

267 656 382 721 Αύτοῐς
404 677 466 737 περ
490 659 691 736 φρονέουςιν,
714 656 762 724 ἐνὶ
786 657 926 735 ςτέρνοις
949 657 1045 733 μένος
1067 654 1152 732 ἢκεν.

265 760 364 842 Ἠρχε
388 762 417 828 δ’
439 765 476 829 έν
498 765 701 845 Αύςτριακοῑς
724 765 823 843 μέγας
845 764 931 842 ἥρως
953 767 1155 845 θωρηκτῇςιν,
1331 777 1365 825 το
1407 812 1414 824 .

266 869 401 935 Τίλλυος
425 869 667 950 όμβριμοεργός·
691 871 738 935 ἐνὶ
761 872 900 949 ςτήθεςει
923 869 958 934 δὲ
983 865 1084 944 θυμόν

267 975 397 1054 Θρέψεν
421 972 601 1055 ἀταρτηρόν
624 975 676 1040 καὶ
699 974 872 1053 ἀμείλιχον,
895 972 974 1038 ὥςτε
999 973 1108 1037 λύκοιο
1318 961 1325 970 ’

265 1079 462 1161 Ὠμοφάγου,
486 1081 553 1146 όςτ’
576 1081 643 1148 ιύκα
666 1081 734 1149 κατ’
757 1081 873 1161 οὔρεος
896 1080 1050 1161 ύλήεντος
1213 1073 1215 1076 ’

269 1185 401 1270 Ἐμπέςῃ
425 1189 444 1266 ἢ
469 1187 583 1252 ὀῑεςςιν
606 1191 625 1267 ἢ
650 1187 824 1272 ἀγραύλῃςι
848 1186 983 1268 βόεςςιν·

266 1293 400 1358 Ἥντινα
423 1293 451 1357 δ’
475 1295 523 1360 εἰν
546 1294 689 1374 ὀνύχεςςι
713 1294 803 1378 λάβῃ,
826 1295 859 1359 ἐξ
883 1293 1005 1373 αὐχένα
1028 1291 1113 1371 ἀξας,

263 1398 333 1479 Αίμ’
355 1399 401 1464 ἔτι
425 1403 543 1480 θερμὸν
566 1401 657 1470 ἔπινε
681 1404 736 1470 ςύν
760 1401 946 1481 ἀπλήτοιςιν
969 1399 1111 1466 ὀδούςιν·

266 1507 362 1572 Τοῑος
385 1507 450 1572 ἐὼν
472 1508 595 1588 ἤναςςε,
618 1507 960 1590 κλέοςβαςιλεύτατος
983 1506 1072 1588 ἀνήρ.

314 1720 380 1784 Τού
404 1719 432 1784 δ’
454 1718 506 1784 ἐπ’
529 1720 733 1802 ἀριςτερόφιν
756 1723 829 1788 λαοὶ
852 1723 1024 1786 ςτέλλοντο
1047 1718 1116 1784 κατ’
1138 1719 1246 1800 ὀρθήν,

270 1825 364 1905 ούρε’
388 1825 449 1892 ἀνα
474 1829 627 1908 ςκιόεντα,
649 1829 690 1894 τό
712 1826 740 1893 τ’
762 1828 947 1907 Εὐρύπεδον
971 1825 1185 1905 ςτεφὰνιυται,

264 1929 313 1996 Ἐς
336 1933 567 2014 Φιλυραγκείου
591 1935 708 2014 ἐρατοῦ
731 1933 821 2013 ἱερόν
843 1932 1044 2012 πτολίεθρον.

264 2036 315 2102 Ἐν
340 2037 367 2102 δ’
390 2039 498 2105 αὐτῶν
521 2041 626 2119 όρέυιν
650 2041 942 2120 περιφαινομένοιςι
965 2041 1115 2119 καρήνοις

263 2143 402 2224 Ἱππήυιν
425 2149 552 2214 πυκιναὶ
575 2147 840 2228 ὑποθωρήςςοντο
864 2144 1039 2225 φάλαγγες.

182 2391 186 2400 -
308 2358 471 2438 Δεύτερος
494 2357 564 2424 αὖτ’
587 2357 727 2439 ἀρχηγός
751 2360 798 2425 ἐνί
821 2363 944 2440 ςτρατῷ
967 2357 1160 2437 Αίγειρώδης

264 2461 401 2529 Ἐπλετο
424 2466 667 2546 καρτερόθυμος,
691 2465 823 2546 ἀμύμων
846 2465 921 2532 ὄζος
942 2464 1073 2545 Ἄρηος·

267 2569 333 2636 Οίςι
357 2569 386 2634 δ’
408 2570 465 2651 ἔην
489 2576 591 2638 λαοῑςι
614 2573 773 2653 πελώριος
796 2575 873 2652 ἠύτε
896 2573 1026 2653 πύργος,

263 2675 358 2741 Ὅςτε
383 2676 478 2741 πόλιν
502 2677 610 2756 ῥύεται
633 2679 684 2744 καί
706 2679 815 2758 τείχεα
838 2678 941 2758 μακρὰ
964 2675 1107 2742 πυλάων.
1148 2685 1151 2692 “

264 2779 323 2845 Ὣς
347 2782 366 2847 ό
390 2785 448 2862 μὲν
470 2784 645 2865 ἡγεμόνευε
670 2785 738 2863 μεθ’
759 2785 924 2866 ίππήεςςιν
947 2785 1090 2863 ἀγαυοῖς,

267 2888 542 2970 Χαλκεοθιίιρηξιν·
566 2892 615 2956 τοὶ
638 2892 699 2970 γὰρ
723 2891 879 2978 κάρτιςτοι
902 2891 1063 2957 ἁπάντων.

311 3103 331 3166 Γ
333 3101 437 3169 ότθων
461 3103 490 3168 δ’
512 3104 610 3185 ἀρχὸς
634 3105 691 3185 ἔην
714 3107 765 3172 καί
789 3105 959 3172 έπίςκοπος
982 3106 1039 3183 ἠδὲ
1063 3106 1188 3184 ςαυιτήρ

266 3207 423 3275 Φίλτατος
447 3207 649 3277 ἀθανάτοιςιν
673 3211 761 3292 ἄναξ,
784 3210 965 3292 μεγάθυμος
987 3209 1161 3290 Ἀδολφος.

267 3315 321 3398 Τῷ
345 3316 376 3381 οἱ
400 3321 559 3397 ςκῆπτρον
582 3316 713 3384 ὄπαςςε·
736 3321 840 3399 πατήρ
864 3316 892 3383 δ’
915 3317 960 3382 ὼς
983 3317 1067 3382 τίετο
1091 3319 1189 3399 δήμῳ,

267 3420 407 3487 Ούνεκεν
429 3424 526 3503 ἤπιον
549 3423 619 3489 αἰέν
642 3425 690 3489 ἐνὶ
713 3425 825 3504 φρεςὶν
848 3425 926 3506 ἦτορ
950 3422 1078 3503 ἔχεςκεν

267 3526 321 3590 Καί
345 3526 376 3591 οί
399 3531 500 3608 μήδεα
523 3527 615 3594 πύκν’
638 3528 781 3607 ἐγένοντ’
804 3531 857 3595 ἐπὶ
881 3528 990 3610 κάρτεϊ
1013 3531 1138 3607 χειρῶν.

265 3630 349 3696 Ἀλλ’
372 3632 423 3711 ὅγ’
444 3635 671 3717 Ὑπερβορέων
695 3638 829 3717 ἐξήγαγε
852 3637 989 3717 τηλόθεν
1012 3633 1084 3714 αἴης

266 3735 395 3818 Ἀνέρας
419 3740 572 3820 αἰχμητὰς
594 3744 631 3808 ἐν
655 3742 882 3822 ποντοπόροιςι
905 3744 1038 3808 νέεςςιν·

265 3844 362 3913 Ἔνθα
385 3845 517 3927 μάλιςτα
540 3849 664 3928 πέφυκε
689 3847 804 3928 κράτος
827 3851 956 3915 πολιοῖο
980 3850 1116 3929 ςιδήρου.

264 3953 349 4018 Τούς
372 3952 401 4016 δ’
423 3952 474 4032 ὅγ’
498 3952 548 4020 ἐπ’
571 3953 685 4039 Ἠᾠων
707 3957 835 4036 κούροις
858 3955 1039 4035 μεγάθυμος
1061 3952 1227 4033 Ἀδολφος

266 4056 395 4124 Ἄντιον
419 4059 554 4142 έςτηςεν,
578 4061 658 4126 κατὰ
681 4063 768 4127 δεξιὰ
791 4062 873 4127 λαόν
896 4063 1027 4142 ἐέργων.

271 4163 405 4242 Κρίνατο
429 4164 458 4228 δ’
481 4165 526 4230 εἰς
549 4168 693 4246 φρήτρας
716 4168 767 4232 καὶ
790 4171 879 4247 φύλα
902 4169 957 4232 ςύν
980 4165 1192 4247 ἡγεμόνεςςιν,

264 4268 319 4334 Ὡς
343 4270 379 4335 εύ
402 4271 494 4350 γνοίη
518 4269 651 4336 ἑκάςτου
675 4273 711 4336 ἐν
735 4273 806 4356 αἰνῇ
830 4273 970 4353 δηϊότητι

267 4373 476 4456 Ἀμφότερον,
500 4377 610 4456 κακίην
632 4374 661 4440 τ’
683 4376 799 4458 ἀρετὴν
823 4381 858 4445 δέ
882 4399 917 4444 τε
942 4378 1152 4460 κυδιάνειραν.

267 4482 314 4548 Ού
337 4483 398 4562 γὰρ
423 4485 459 4549 ἐν
483 4484 667 4562 Εύρυπέδου
691 4484 886 4565 ἐριβώλακος
908 4486 1099 4552 αἰπολίοιςιν

1098 4588 1153 4644 w
