3332 5074
271 372 337 436 454
561 387 823 436 ssonsoousnn
847 387 894 434 nu
917 386 1125 436 simonisve

273 536 425 596 autenm
449 530 635 596 Hermanno
660 530 706 595 sic
730 533 780 594 est
803 530 1035 596 emendandus:

361 673 398 737 ld
422 676 532 738 utntm
556 672 655 738 uelim
678 673 743 740 iam
766 673 811 738 mi
834 673 921 738 haud
944 673 965 737 l.
988 674 1018 756 i.‚

273 821 330 882 eut
351 817 492 882 fortasse
516 815 562 880 sic
585 815 708 899 potius:

362 958 399 1023 Id
422 959 488 1022 itm
511 959 567 1042 mi,
589 961 699 1022 utrum
721 958 830 1042 uelim,
852 958 937 1024 haud
962 961 981 1024 l.
1005 960 1025 1024 i.

275 1101 336 1168 Sed
360 1100 611 1186 spondiacam
635 1123 693 1185 pro
717 1101 856 1166 iambica
879 1124 957 1167 voce
979 1101 1096 1167 tertius
1119 1123 1176 1186 pes
1194 1123 1260 1167 non
1280 1101 1422 1187 admisit,

275 1211 338 1276 uisi
365 1208 570 1294 paucissimis
600 1209 634 1273 in
666 1208 759 1293 locis,
790 1208 823 1273 in
852 1209 969 1293 quibus
999 1209 1058 1273 illa
1085 1231 1104 1272 a
1135 1208 1297 1293 prioribus
1328 1209 1421 1296 gravi

275 1315 534 1400 interpunctione
558 1315 733 1399 divellitur,
755 1317 792 1379 ut
814 1315 901 1380 Trin.
924 1316 1002 1380 427:

365 1455 490 1542 Nempe
514 1459 594 1543 quas
618 1458 789 1543 spopondi.
813 1457 873 1524 ST.
896 1458 993 1523 imnio'
1014 1481 1095 1544 quas
1118 1458 1263 1544 dependi,
1286 1457 1421 1544 inquito.

181 1593 184 1602 ’
275 1599 344 1665 Nec
372 1604 482 1665 tamen
509 1599 579 1664 fieri
608 1621 702 1685 posse
726 1599 853 1664 videtur
875 1603 913 1664 ut
936 1600 1070 1665 eandem
1096 1621 1194 1686 quam
1216 1601 1421 1685 praecedens,

244 1708 367 1772 ‘nullo
398 1707 570 1773 intervallo
603 1729 802 1792 consequens
840 1706 1058 1792 interpunctio
1091 1709 1156 1774 vim
1191 1709 1326 1792 habeat,
1358 1731 1422 1793 qua

278 1817 407 1879 tantum
438 1813 531 1878 abest
560 1817 596 1878 ut
626 1815 765 1878 leniatur
795 1815 930 1881 offensio
958 1816 1097 1900 neglecti
1126 1819 1289 1899 accentus,
1321 1837 1359 1879 ea
1386 1819 1423 1879 ut

169 1943 262 1984 ccxrx
279 1920 439 1985 sentiatur
461 1921 575 2006 magis.
611 1919 687 1986 Non
709 1924 794 1986 recte
818 1921 932 2005 igitur,
956 1921 983 1985 si
1008 1922 1085 2006 qnid
1109 1922 1211 2006 video,
1233 1923 1269 1987 in
1289 1920 1423 1987 Bacchi·

278 2026 372 2092 dibus
396 2049 429 2092 se
452 2028 553 2093 habet
576 2051 604 2093 v.
631 2029 715 2094 1026
740 2027 870 2110 [1065]:

367 2167 428 2234 Vel
452 2169 493 2233 da
516 2170 655 2255 dliquem
679 2169 734 2256 qui
757 2171 857 2235 sereret
878 2191 937 2234 me.
963 2171 1020 2238 Nl.
1045 2170 1105 2237 ohe
1130 2173 1239 2238 odiose'
1262 2170 1351 2254 fecis,

280 2311 331 2377 cui
354 2333 394 2376 ne
418 2312 459 2376 ab
480 2312 589 2396 aliqua
608 2317 758 2378 accentus
778 2314 890 2379 euclisi
909 2315 1039 2400 quidem
1058 2314 1255 2400 praesidium
1274 2317 1423 2398 paratum

280 2440 351 2484 esse
374 2419 597 2484 concesserim.
643 2419 848 2504 Quapropter
877 2425 1004 2486 servato
1033 2422 1204 2487 verborum
1234 2419 1344 2486 ordine
1368 2419 1422 2504 qui

279 2527 313 2591 in
337 2525 370 2590 B
393 2529 451 2604 est,
475 2525 577 2591 eiecto
601 2528 718 2608 autem,
742 2527 867 2610 quode
891 2527 1057 2612 proximae
1082 2527 1169 2593 vocis
1188 2527 1283 2592 initio
1301 2531 1424 2606 natum,

279 2633 333 2700 ode
355 2633 401 2698 sic
424 2633 541 2698 scribe:

369 2774 431 2841 Vel
454 2773 495 2839 da
518 2775 658 2859 aliquem
682 2775 737 2860 qui
761 2798 812 2840 me
836 2778 952 2841 seruet.
976 2775 1032 2842 NI.
1056 2777 1169 2842 odiose'
1192 2777 1282 2843 facis.

283 2918 583 3003 Anapaesticam
607 2923 715 2983 autem
740 2920 774 2984 in
797 2919 895 2984 tertio
919 2919 998 3004 pede
1018 2941 1129 2985 vocem
1148 2943 1188 2985 ne
1206 2919 1424 3003 interpunctio

282 3025 410 3110 quidem
434 3024 514 3090 satis
539 3047 707 3090 excusasse
731 3026 858 3090 videtur
881 3022 973 3112 (nam
992 3025 1079 3090 Trin.
1101 3027 1163 3091 114
1182 3048 1247 3092 non
1271 3029 1348 3091 sunt
1365 3048 1424 3110 pro

282 3154 356 3197 vero
380 3136 557 3216 anapaesto
581 3137 609 3196 et
631 3129 747 3216 illum:
775 3131 894 3196 nedum
918 3136 955 3196 ut
983 3131 1043 3197 illa
1072 3134 1217 3218 excipere
1245 3134 1323 3198 item
1352 3155 1425 3197 ana·

282 3238 460 3324 paesticam
484 3237 598 3322 possit,
621 3243 658 3303 ut
679 3237 870 3318 Tris-594:

371 3379 411 3445 ln
432 3379 604 3464 durtipudst
625 3380 719 3445 elriim
742 3378 874 3464 nunc*),
897 3381 974 3466 quid
998 3403 1036 3446 ea
1059 3384 1093 3446 re‘
1117 3381 1197 3464 fuat,

283 3523 339 3588 ubi
366 3523 454 3588 haud
482 3525 670 3587 cunctanter
697 3523 974 3606 transponendum
1000 3527 1071 3588 erat
1098 3523 1140 3588 In
1166 3523 1308 3607 cimbipoo
1334 3524 1427 3588 e'tiam

275 3649 366 3711 ¹nunc
388 3632 438 3693 est.

373 3734 580 3819 Consequens
603 3734 666 3799 fuit
694 3739 731 3799 ut
759 3736 858 3800 etism
886 3736 920 3800 in
953 3735 1082 3822 priore
1115 3741 1223 3820 parte
1257 3737 1426 3803 senario·

284 3865 381 3926 rum,
408 3863 490 3927 quae
514 3845 674 3906 estante
698 3863 908 3927 caesuram,
935 3843 1015 3908 nihil
1041 3843 1228 3909 offensionis
1252 3843 1427 3911 iambicum

286 3950 476 4016 vocabulum
508 3949 560 4013 vel
591 3949 627 4013 in
658 3949 781 4034 primo
814 3950 865 4014 vel
898 3951 932 4013 in
966 3950 1132 4016 secundo
1165 3949 1257 4035 pede
1285 3951 1429 4016 haberet.

286 4056 409 4135 Quodsi
436 4055 532 4141 longe
560 4057 720 4142 longeque
750 4056 851 4120 rarius
880 4055 914 4120 in
942 4057 1081 4122 secundo
1109 4060 1174 4141 est,
1200 4057 1270 4122 eius
1293 4057 1340 4122 rei
1361 4077 1428 4122 non

287 4163 424 4228 ostelia
447 4185 562 4228 caussa
584 4163 646 4228 nisi
670 4161 756 4247 quod
780 4161 930 4227 binorum
949 4163 1162 4229 iambicorum
1181 4163 1429 4228 continuitatem
1520 4243 1524 4250 .

394 4409 420 4478 ¹³)
440 4409 484 4480 [ln
503 4409 544 4466 ed.
565 4409 613 4463 alt.
632 4408 686 4462 hoo
705 4406 820 4475 reliquit
838 4405 1007 4463 ltitschelius
1026 4407 1132 4464 addens
1150 4426 1200 4479 pro
1220 4426 1274 4465 uno
1293 4409 1430 4464 vocabulo

288 4513 349 4551 esse
368 4498 449 4552 etiam
468 4513 552 4564 nunc,
572 4499 603 4552 ut
616 4496 774 4564 stamnum,
792 4496 867 4566 qnod
881 4497 971 4567 ipsum
985 4495 1105 4552 sonasse
1119 4497 1321 4554 restituendum
1335 4499 1430 4568 esset]
