3302 5076
300 378 365 442 642
676 393 910 443 secururscna
934 393 1059 442 sunau.

300 536 466 602 tensteinii
493 556 684 621 generosam
713 536 957 618 simplicitatem
985 536 1156 620 aggrediar
1180 558 1199 599 a
1222 535 1439 600 simulationis

300 664 465 726 vanaeque
487 642 661 707 iactantiae
684 641 851 708 levissima
870 642 1050 725 suspitione
1069 643 1219 726 alienam,
1233 664 1346 706 verear
1364 664 1440 706 sane

299 771 340 814 ne
364 770 469 813 sermo
493 771 583 813 meus
612 771 676 814 non
705 753 832 814 tantum
856 748 1057 832 improbetur
1081 748 1135 812 sed
1161 748 1276 812 merito
1300 753 1439 814 contem·

299 860 404 921 natur.
436 851 620 941 Cognatum
640 877 712 920 oum
731 854 794 918 hoo
813 853 901 918 aliud
926 857 976 918 eat
998 875 1099 938 genus
1124 875 1244 937 eorum,
1268 855 1331 938 qui,
1356 855 1438 938 quod

300 963 392 1026 unius
417 962 552 1027 alieuius
576 960 764 1044 disciplinae
788 960 949 1026 suavitate
973 960 1093 1025 artisve
1117 959 1284 1026 dulcedine
1308 962 1439 1025 mirifice

299 1067 407 1132 allecti
440 1069 473 1133 in
506 1069 564 1132 illa
593 1067 656 1132 toti
687 1071 795 1132 essent
825 1069 857 1130 et
886 1067 978 1151 quasi
1009 1065 1209 1150 habitarent,
1242 1068 1383 1131 studium
1407 1072 1439 1132 et

298 1195 430 1258 operam
454 1175 494 1239 ad
518 1175 607 1239 illam
627 1174 803 1258 colendam,
826 1172 1081 1256 sustentandam,
1104 1174 1356 1256 promovendam
1375 1197 1439 1240 om·
1495 1237 1499 1244 ,

298 1301 371 1344 uem
396 1282 610 1346 contulerunt.
657 1279 740 1356 Quid
764 1284 874 1344 autem
896 1279 1027 1363 mirum,
1052 1280 1085 1342 iu
1110 1301 1148 1343 ea
1171 1301 1205 1344 re
1228 1300 1361 1364 operam
1386 1303 1439 1345 cu-

299 1410 432 1474 ramque
455 1392 487 1452 te
511 1409 699 1452 consumere
722 1409 788 1451 non
811 1385 1015 1469 mediocrem,
1039 1407 1135 1470 quam
1159 1387 1288 1471 quidem
1308 1387 1341 1450 in
1362 1385 1438 1450 deli·

299 1495 357 1559 ciis
393 1476 528 1577 habeas,
566 1494 606 1558 ad
643 1516 739 1579 quam
776 1493 876 1559 insita
911 1497 1048 1558 naturae
1082 1493 1249 1576 voluptate
1285 1493 1438 1559 trahere?

284 1598 421 1666 .Oontra
444 1600 520 1684 quid
544 1600 756 1684 laudabilius,
778 1621 890 1683 quam,
920 1620 1056 1683 quorum
1080 1599 1149 1682 ipse
1172 1621 1236 1664 nou
1261 1600 1306 1664 ais
1329 1623 1437 1666 aman·

296 1705 453 1788 tissimus,
476 1727 514 1769 ea
537 1727 673 1789 quoque,
696 1705 781 1791 quod
806 1705 969 1790 salutaria,
993 1706 1077 1790 quod
1102 1705 1241 1771 honesta
1259 1729 1329 1772 esse
1348 1709 1437 1773 intel·

297 1813 427 1896 lexeris,
459 1815 491 1876 te
521 1812 671 1895 amplecti
702 1814 857 1898 tantaque
887 1815 920 1876 et
949 1812 1145 1877 liberalitate
1174 1815 1207 1876 et
1235 1813 1437 1897 providentia

297 1918 459 2004 adiuvare,
481 1920 573 2003 quasi
597 1920 631 1984 in
655 1919 771 1984 intimo
791 1920 864 1984 sinu
882 1918 1016 1983 foreas?
1039 1941 1121 2003 quae
1139 1919 1242 1984 uirtus
1261 1942 1334 1985 curn
1352 1921 1438 1985 inter

296 2027 480 2091 rarissimas
504 2026 548 2090 sit
571 2026 771 2108 mortalium,
794 2031 865 2090 tum
888 2047 964 2090 vere
988 2026 1078 2109 regia
1100 2026 1169 2090 iure
1193 2027 1317 2111 optimo
1341 2026 1437 2092 habe·

296 2137 350 2198 tur
378 2139 507 2217 praeter
535 2135 667 2196 ceteras.
714 2132 822 2215 Atque
849 2131 912 2196 bac
935 2131 1055 2196 virtute
1078 2131 1149 2215 quis
1173 2133 1304 2216 ignorat
1326 2133 1438 2198 Altan-

297 2241 459 2324 steinium,
482 2260 677 2324 quamquam
701 2238 965 2322 elegantissimae
989 2237 1285 2322 subtilissimasque
1305 2261 1342 2303 ac
1361 2261 1436 2304 vero

296 2348 395 2411 ctiam
432 2346 613 2410 uberrimae
650 2345 841 2410 eruditionis
869 2343 999 2426 Virum,
1035 2349 1103 2408 tarn
1140 2344 1240 2409 fuisse
1277 2344 1436 2430 insignem

296 2475 393 2537 quam
412 2475 432 2517 a
450 2474 569 2538 pravae
592 2452 757 2517 doctrinae
781 2450 876 2515 laude
900 2451 1079 2514 affectanda
1102 2450 1266 2516 alienum?
1290 2449 1436 2536 Denique

294 2563 427 2624 nostrae
454 2559 660 2641 potissimum
688 2557 805 2622 aetatis
829 2557 1018 2621 memoriam
1046 2555 1245 2640 cogitatione
1277 2559 1438 2640 repetenti

296 2665 376 2730 mihi
404 2667 543 2731 occurrit
570 2665 703 2729 tertium
731 2663 892 2748 quoddam
921 2663 1053 2727 illorum
1077 2683 1193 2747 genus,
1226 2664 1338 2748 quiet
1362 2666 1437 2730 vani

296 2771 476 2855 splendoris
509 2776 543 2837 et
575 2770 769 2836 ambitiosae
807 2769 997 2834 eruditionis
1035 2767 1289 2834 ostentationem
1325 2772 1435 2854 procul

294 2879 462 2964 habentes,
484 2878 634 2962 publicae
653 2877 753 2942 saluti
771 2877 863 2941 unice
881 2875 1124 2960 prospicientes,
1147 2875 1297 2959 quicquid
1318 2878 1435 2942 artium

295 2983 542 3070 litterarumque
574 2984 615 3049 ad
643 2980 878 3067 comparandas
905 2983 991 3047 vitae
1019 2981 1214 3046 cottidianae
1248 2983 1316 3046 sive
1351 3005 1435 3048 com-

222 3113 281 3153 v111
295 3091 468 3156 meditatos
492 3090 560 3155 sive
583 3090 802 3173 necessitates,
826 3088 976 3175 quicquid
1000 3088 1161 3172 pertinere
1185 3086 1226 3151 ad
1250 3109 1436 3153 communes

292 3197 489 3282 reipublicae
521 3197 683 3262 utilitates
715 3196 876 3279 videatur,
908 3199 1038 3260 tantum
1071 3193 1215 3258 studiose
1248 3195 1436 3280 suscipiant,

295 3304 433 3388 benigne
462 3303 596 3368 foveant
623 3304 775 3386 alantque
802 3302 995 3386 impensiore
1025 3323 1110 3366 cura.
1157 3299 1300 3370 Quorum
1323 3302 1379 3366 alii
1402 3302 1436 3366 in

295 3433 332 3475 eo
357 3410 475 3478 artium
498 3409 742 3494 litterarumque
765 3409 908 3474 fructum
932 3429 1060 3473 omnem
1084 3429 1240 3491 reponere
1260 3407 1376 3490 solent,
1400 3411 1437 3471 ut

294 3517 412 3580 civium
440 3516 584 3602 adeoque
611 3515 754 3601 ipsarum
785 3515 966 3579 eivitatium
991 3514 1140 3578 fortunae
1164 3513 1364 3596 opificiorum
1388 3513 1436 3578 in-

293 3624 418 3689 dustria
437 3625 638 3706 adiuvantur,
661 3643 813 3708 agrorum
832 3622 960 3687 cultura
977 3619 1206 3705 provehantur,
1229 3619 1435 3684 inventorum

294 3732 438 3796 sollertia
458 3735 646 3816 augeantur,
670 3729 935 3794 commerciorum
955 3727 1222 3812 negotiorumque
1241 3749 1301 3791 usu
1321 3726 1435 3810 ampli·

293 3839 437 3904 ficantur.
470 3839 522 3903 Ab
547 3839 724 3921 alia'parte
748 3835 974 3901 commendare
997 3834 1177 3898 doctrinam
1201 3855 1255 3898 eos
1279 3832 1436 3916 audimus,

293 3946 348 4030 qui
370 3968 436 4011 non
459 3945 568 4028 paullo
589 3943 693 4028 magis
713 3964 826 4026 sapere
845 3943 908 4006 sibi
928 3941 990 4006 visi
1009 3940 1139 4024 publica
1157 3939 1340 4004 litterarum
1359 3962 1436 4004 cura

293 4052 442 4135 publicos
462 4051 603 4116 civitatis
622 4049 788 4114 ministros
807 4047 997 4131 futurosque
1017 4046 1230 4130 magistratus
1249 4047 1435 4112 formandos

294 4159 547 4243 erudiendosque
580 4158 642 4223 sibi
675 4159 907 4240 persuaserunt
936 4158 969 4216 et
997 4152 1048 4217 his
1078 4153 1286 4236 potissimum
1316 4152 1435 4217 finibus

294 4268 413 4331 artium
435 4269 468 4330 et
492 4264 735 4347 disciplinarum
759 4283 831 4327 eum
855 4259 1026 4326 commoda
1048 4259 1226 4324 metiuntur
1249 4263 1318 4323 turn
1342 4259 1434 4324 insti·

293 4372 453 4437 tutionem
482 4369 759 4437 circumscribunt
805 4366 924 4443 Quales
952 4366 1111 4431 utilitates
1135 4387 1208 4440 cum
1229 4387 1364 4449 prorsus
1388 4387 1436 4429 se·

294 4477 462 4542 cundurias
485 4477 622 4542 dicimus
647 4481 679 4540 et
702 4479 868 4558 tamquam
894 4473 1106 4555 adventicius,
1134 4494 1201 4536 non
1224 4493 1372 4536 veremur
1394 4493 1435 4536 ne
