3338 5072
313 391 379 456 306
602 409 862 460 rnonncounun
886 409 933 458 nr:
957 409 1171 460 arrrcsrnvs

311 554 370 635 fiat
392 553 457 617 594
478 552 680 639 aliorumque
702 576 836 620 numero
860 555 1083 640 plurimorum,
1107 556 1223 640 quibus
1247 552 1458 638 congerendis

312 660 388 726 nolo
417 660 533 744 longus
557 682 635 726 esse.
682 659 839 727 Graviora
861 666 970 728 tamen
994 663 1126 748 reliquis
1150 662 1232 727 haec
1254 665 1344 745 sunt,
1371 661 1456 746 quod

313 767 346 830 in
376 789 441 832 uno
469 765 503 830 D
531 767 642 851 elapsa
670 791 699 832 v.
728 769 802 834 276.
829 769 896 834 463
922 769 1016 850 [oras
1036 773 1068 834 et
1094 790 1156 852 epo,
1184 791 1264 852 quae
1292 768 1392 833 etiam
1420 768 1459 832 si·

236 887 299 926 ΜΝ
315 873 470 938 millimae
493 874 657 958 ceteroqui
676 876 872 940 condicionis
895 876 977 940 liber
1000 875 1169 958 Oseriat,
1192 875 1270 940 item
1293 875 1335 938 ab
1358 875 1462 939 ΕΓΖ

311 981 443 1047 absunt:
467 980 517 1045 vel
535 981 621 1066 quod
644 981 715 1062 circs
729 988 886 1064 gataura
911 984 945 1046 in
969 984 1048 1048 solis
1072 981 1216 1046 DEFZ
1235 981 1459 1066 transponitur

311 1109 339 1152 v.
358 1087 433 1173 338,
456 1088 692 1172 eorundemque
715 1089 896 1154 communis
920 1093 970 1154 eet
991 1112 1021 1154 v.
1038 1090 1102 1154 411
1123 1088 1252 1170 eximiis
1266 1089 1459 1174 corruptela.

312 1195 404 1280 Quid,
427 1194 512 1280 qnod
539 1196 585 1260 eis
609 1196 698 1279 locis,
722 1197 776 1280 qui
800 1197 1031 1262 correctionem
1055 1197 1215 1262 secundae
1238 1217 1354 1260 manus
1373 1195 1406 1259 in
1425 1194 1460 1259 D

312 1302 400 1387 passi
424 1305 509 1383 sunt,
531 1321 596 1366 non
621 1322 693 1367 raro
723 1302 757 1366 in
780 1307 906 1386 partem
930 1302 1128 1368 noviciorum
1152 1303 1311 1368 librorum
1334 1302 1458 1386 primae

311 1430 425 1474 manus
450 1409 610 1491 scriptura
632 1408 773 1492 transiit,
798 1409 956 1474 secundae
980 1409 1013 1474 in
1032 1410 1167 1474 alteram
1186 1409 1335 1494 partem?
1361 1407 1459 1474 Velut

310 1537 384 1580 cum
414 1538 444 1580 v.
472 1515 548 1579 410.
579 1514 640 1579 851
674 1515 794 1596 ahiem
816 1521 848 1580 et
878 1517 974 1598 lelipit
1003 1516 1039 1581 F
1065 1515 1197 1582 exhibet
1226 1537 1299 1580 cum
1327 1514 1397 1593 Da,
1425 1520 1459 1580 tu

309 1621 430 1703 obuias
448 1625 482 1686 et
510 1623 581 1705 tepit
609 1643 625 1685 e
654 1621 706 1688 Db
733 1624 849 1709 reliqui
881 1629 1105 1710 susceperunt,
1134 1624 1186 1689 vel
1214 1646 1242 1689 v.
1267 1625 1330 1690 347
1360 1645 1377 1688 e
1402 1622 1458 1688 Da

309 1728 459 1809 munus
472 1729 507 1793 in
529 1728 566 1793 F
568 1729 608 1812 Z,
635 1729 806 1812 habeamus
826 1731 860 1796 in
884 1732 918 1795 Ε
942 1730 1086 1797 manavit
1108 1753 1126 1796 e
1148 1730 1215 1813 Db,
1237 1731 1314 1795 item
1339 1753 1367 1794 v.
1391 1729 1455 1794 837

309 1857 397 1901 ruere
424 1858 442 1901 e
465 1834 518 1900 Db
545 1836 579 1901 in
606 1836 638 1900 Ζ
662 1841 696 1900 et
718 1837 753 1902 E
772 1859 844 1921 ηιμ,
872 1845 1015 1922 {torpere
1037 1860 1054 1902 e
1077 1837 1132 1902 Da
1159 1837 1192 1904 in
1215 1838 1293 1902 EF.
1340 1836 1458 1913 Quam·

309 1965 406 2028 quam
435 1945 626 2029 plerumque
655 1966 732 2008 sane
761 1945 795 2008 in
822 1945 927 2010 EFZ
953 1945 1084 2010 transiit
1110 1945 1195 2029 quod
1224 1944 1258 2008 in
1281 1942 1334 2008 Db
1361 1946 1455 2026 esset,

309 2073 373 2116 non
407 2050 492 2136 quod
529 2051 563 2114 in
591 2050 659 2136 Da,
691 2055 729 2116 nt
757 2073 785 2116 v.
813 2052 887 2118 286.
916 2053 990 2118 288.
1019 2053 1095 2120 321.
1122 2052 1196 2117 665.
1227 2051 1326 2117 1083:
1359 2071 1457 2136 quam

309 2157 469 2224 rationem
493 2158 641 2224 obtinere
669 2163 845 2236 memento,
875 2159 1068 2244 ubicumque
1095 2159 1185 2223 nulla
1213 2156 1456 2267 Dbtmentione

308 2263 396 2328 facta
418 2287 435 2328 e
459 2264 529 2329 solo
553 2263 608 2328 Da
635 2265 823 2349 discrepans
847 2266 1006 2350 scriptura
1029 2266 1063 2330 in
1082 2265 1294 2330 annotatione
1314 2264 1457 2347 effertur,

298 2375 345 2460 ‚ut
368 2393 396 2434 v.
420 2371 493 2436 266.
517 2373 591 2436 278.
638 2369 722 2436 Hinc
746 2374 854 2437 autem
877 2371 1080 2456 intellegitur
1103 2373 1169 2436 iem
1192 2371 1345 2436 habuisse
1367 2369 1457 2435 Vrsi-

308 2477 442 2543 nianum
466 2477 625 2544 secundae
648 2501 762 2543 manus
787 2485 986 2544 correcturas
1010 2479 1099 2562 illas,
1127 2501 1190 2564 quo
1214 2483 1359 2563 tempore
1383 2477 1455 2542 fons

308 2583 436 2649 exst'tit
457 2584 657 2650 noviciorum
683 2585 837 2651 codicum.

395 2691 524 2757 Nicolai
552 2696 661 2760 autem
689 2692 814 2757 Treviri
845 2692 945 2758 codex
977 2693 1072 2756 simul
1104 2699 1202 2778 atque
1232 2693 1368 2756 Romam
1400 2689 1456 2756 ad-

308 2801 418 2864 vectus
439 2802 497 2882 est,
515 2798 591 2863 ilico
610 2799 821 2882 deputandis
841 2797 1041 2883 apographis
1059 2799 1197 2882 cogitari
1216 2800 1365 2882 coeptum
1385 2818 1455 2861 esse

307 2909 340 2968 et
360 2925 411 2970 res
434 2905 507 2990 ipsa
529 2905 610 2970 facit
633 2909 669 2970 ut
691 2905 859 2970 credamus
883 2909 917 2970 et
939 2905 1127 2990 plenissime
1145 2903 1271 2969 Pooou
1296 2905 1455 2989 epistulae

306 3016 479 3078 testentur.
518 3013 610 3090 Quod
630 3014 758 3098 quidem
782 3014 953 3080 consilinm
975 3013 1137 3097 duplicem
1161 3016 1311 3101 eventum
1331 3012 1455 3078 hahuit.

307 3119 375 3187 Aut
401 3122 487 3186 enim
515 3120 729 3204 archetypum
757 3121 940 3204 exemplum
968 3121 1057 3185 omni
1080 3118 1236 3204 religione
1262 3119 1455 3204 simpliciter

305 3227 598 3311 transcribebatur,
627 3232 684 3291 aut
707 3226 859 3291 correctis
882 3248 942 3309 pro
973 3225 1060 3290 virili
1087 3228 1180 3310 parte
1207 3225 1452 3290 innumerabili·

305 3333 366 3398 bus
397 3334 575 3416 scripturae
606 3332 694 3397 vitiis
726 3337 759 3396 et
788 3332 983 3417 corruptelis
1012 3353 1133 3397 norum
1162 3352 1265 3416 genus
1295 3330 1452 3397 librorum

306 3440 440 3524 peperit.
486 3439 531 3504 Et
560 3438 657 3504 huius
692 3439 822 3524 quidem
853 3439 980 3524 generis
1012 3461 1071 3525 per
1102 3440 1267 3505 litteratae
1299 3439 1451 3523 Europae

305 3549 408 3610 terras
441 3545 566 3611 codices
599 3545 695 3611 hodie
728 3550 857 3612 exstent
887 3546 1034 3631 plurimi,
1066 3547 1236 3630 pauciores
1270 3548 1388 3630 prioris
1419 3550 1453 3611 et

306 3651 391 3737 quod
420 3653 521 3718 sciam
544 3652 668 3717 Romae
695 3655 826 3718 tantum
849 3656 883 3717 et
905 3651 1097 3720 Florentiae.
1144 3653 1311 3721 Pertinent
1334 3653 1397 3718 huo
1420 3657 1453 3716 et

306 3758 337 3824 G
359 3762 394 3824 et
416 3758 552 3843 propius
575 3759 674 3823 etiam
699 3759 739 3824 ad
757 3758 793 3825 D
815 3758 971 3824 accedens
991 3758 1026 3844 0,
1049 3762 1104 3844 qui
1127 3765 1178 3824 est
1200 3759 1395 3825 nitidissime
1418 3759 1453 3822 in

212 3901 291 3942 xm
304 3865 529 3951 pulcherrimis
553 3865 752 3930 membranis
776 3865 915 3950 scriptus
938 3864 1242 3949 Laurentianus,
1264 3866 1349 3930 inter
1368 3863 1452 3930 Gad-

304 3973 419 4039 dianos
442 3974 486 4059 pl.
509 3971 685 4038 LXXXXI.
712 3973 768 4056 12,
796 3974 901 4058 ipsam
930 3975 1095 4037 externam
1124 3974 1263 4057 speciem
1288 3971 1452 4036 Vrsiniani

305 4103 432 4146 summa
454 4080 516 4145 lide
540 4081 591 4144 vel
623 4079 850 4144 minutissimis
879 4080 913 4144 in
936 4080 1032 4144 rebus
1056 4079 1212 4162 referens,
1239 4085 1276 4145 ut
1303 4079 1451 4162 exemplo

304 4187 398 4254 docui
425 4185 530 4254 Musei
559 4187 672 4272 philol.
695 4184 743 4252 IV
771 4210 802 4271 p.
826 4185 891 4251 356
921 4188 977 4267 [ε
1002 4184 1117 4270 Opuso.
1145 4186 1224 4271 phil.
1247 4185 1280 4251 Π
1308 4209 1339 4271 p.
1363 4185 1452 4266 295}

303 4292 445 4361 Rursum
472 4295 569 4360 huius
598 4295 702 4379 ipsius
731 4293 954 4378 apographum
982 4294 1037 4360 vix
1065 4294 1228 4379 ambiguis
1251 4293 1381 4359 indiciis
1404 4293 1451 4358 in·

304 4401 414 4466 tellexi
441 4402 476 4466 E
500 4424 584 4486 cese,
615 4400 722 4486 qualis
753 4398 883 4484 quidem
912 4421 932 4464 a
960 4401 1067 4485 prima
1094 4422 1194 4466 manu
1221 4400 1344 4484 prodiit
1370 4401 1401 4466 h.
1425 4423 1452 4466 e.

303 4507 365 4572 Ea.
410 4507 491 4574 Eius
520 4509 620 4594 igitur
647 4508 843 4591 scripturam
872 4527 930 4590 per
957 4511 1060 4576 totana
1084 4507 1308 4576 Trinummum
1338 4507 1451 4573 sedulo
