3302 5076
580 424 814 472 aerumnosa
838 423 968 470 annau.
1275 403 1339 466 657

197 567 321 652 ingenii
334 567 503 633 notionem
522 566 635 633 societ:
655 566 783 652 quando
802 565 988 648 divinum,
1007 562 1162 649 quioquid
1179 562 1341 626 humanae

196 673 329 739 modum
359 677 495 740 naturae
531 675 610 740 adeo
642 674 780 758 excedit,
812 676 849 738 nt
880 677 1047 758 tamquam
1080 670 1341 756 exsplendescere

196 802 296 864 supra
332 800 433 864 genus
470 780 658 847 mortalium
695 780 859 862 videatur,
895 801 961 844 non
996 779 1162 844 immerito
1195 780 1341 841 veterum

195 887 341 970 exemplo
374 888 599 972 appellaveris.
654 887 699 952 Et
735 887 830 953 huius
867 887 998 973 quidem
1030 887 1200 951 veritatem
1232 882 1342 948 iudicii

196 1015 270 1059 curn
297 997 329 1057 et
356 994 490 1078 longum
519 994 562 1060 sit
590 996 623 1058 et
651 993 781 1059 difficile
809 995 857 1059 ita
879 994 1106 1078 comprobare,
1133 995 1176 1066 ut
1192 992 1251 1055 aut
1273 989 1342 1054 uni·

196 1121 323 1166 versam
341 1101 444 1166 vitam
463 1123 610 1166 enarrem
630 1105 687 1166 aut
706 1101 852 1185 singulas
871 1100 1091 1185 praestantiae
1109 1100 1219 1183 partes
1233 1115 1341 1180 perae-

198 1228 287 1291 quat,
309 1208 418 1273 nescio
437 1229 480 1272 an
498 1208 600 1273 multo
620 1207 767 1273 breviore
786 1209 839 1272 via
857 1212 1011 1292 vestrum,
1034 1204 1209 1288 auditores,
1232 1221 1341 1268 assen-

196 1334 268 1376 sum
292 1313 418 1378 laturus
438 1312 508 1396 sim,
532 1313 559 1377 si
579 1335 599 1378 a
618 1315 781 1380 contrario
800 1313 972 1399 profectus,
991 1313 1067 1398 quid
1085 1310 1219 1378 tandem
1237 1308 1341 1374 laudis

197 1418 240 1482 sit
264 1418 349 1503 quod
371 1419 406 1483 in
428 1419 527 1485 Illum
549 1441 616 1484 non
644 1421 757 1486 cadere
779 1422 918 1506 putetis,
946 1442 1108 1507 quaeram.
1154 1419 1223 1484 Aut
1245 1417 1343 1483 fallor

196 1527 253 1589 aut
282 1524 335 1588 vix
364 1527 414 1588 est
441 1524 525 1608 quod
553 1527 724 1608 quaerenti
753 1527 994 1610 respondeatur.
1041 1524 1116 1591 Sive
1144 1525 1231 1590 enim
1254 1524 1342 1590 vitae

196 1631 343 1715 privatae
361 1630 592 1717 integritatem,
619 1632 872 1718 simplicitatem,
891 1633 1125 1718 fortitudinem,
1148 1634 1341 1699 suavitatem

196 1741 317 1822 specto,
341 1739 409 1804 sire
429 1737 707 1806 administrandae
726 1739 924 1824 reipublicae
949 1740 1138 1806 acerrimam
1162 1761 1272 1804 curam
1296 1739 1342 1802 in·

195 1847 304 1928 tueor,
336 1845 403 1910 sire
433 1847 635 1930 contemplor
668 1846 788 1911 artium
822 1846 1068 1930 litterarumque
1101 1845 1210 1910 studia
1241 1866 1341 1928 prope

196 1955 347 2034 exempta
374 1973 392 2016 e
419 1953 577 2018 similium
604 1952 863 2037 comparatione:
890 1952 1117 2019 inexhaustam
1146 1950 1341 2035 suspiciendi

195 2057 411 2142 laudandique
434 2059 605 2124 materiam
628 2059 766 2124 invenio.
803 2058 946 2134 Quarum
965 2059 1108 2143 partium
1126 2058 1265 2141 primam
1285 2079 1342 2121 cur

195 2161 271 2227 huie
294 2166 502 2247 potissimum
527 2165 598 2232 loco
622 2169 655 2231 et
679 2165 744 2231 diei
762 2187 917 2251 meaeque
935 2165 1038 2250 ipsius
1057 2185 1213 2249 personae
1232 2163 1340 2229 minus

196 2272 308 2351 putem
341 2275 527 2356 convenire,
564 2273 599 2336 in
631 2268 820 2356 propatulo
838 2293 972 2338 caussae
1005 2274 1089 2336 sunt.
1144 2270 1266 2348 Quodsi
1299 2271 1340 2335 ab

196 2376 308 2440 eadem
338 2399 477 2462 persona
507 2379 647 2444 alienam
678 2378 838 2464 dixeritis,
868 2379 1045 2461 auditores,
1074 2377 1205 2444 virtutis
1235 2377 1340 2442 civilis
1356 2387 1392 2430 VI

195 2483 471 2550 existimationem
489 2487 524 2551 in
541 2485 682 2571 negotiis
701 2486 837 2571 publicis
857 2487 1064 2570 conspicuae:
1089 2507 1149 2550 nec
1167 2484 1340 2550 concedere

195 2609 253 2653 nee
280 2611 460 2677 repugnare
488 2593 637 2658 omnies
664 2595 757 2676 parte
780 2599 922 2677 possum.
968 2590 1054 2656 Nam
1084 2611 1186 2676 genus
1211 2592 1340 2676 quidem

197 2694 277 2761 illud
305 2699 491 2765 universum
519 2699 661 2784 etiamsi,
689 2704 725 2765 ut
752 2699 853 2764 libere
881 2698 1001 2784 dicam,
1029 2698 1069 2764 ab
1097 2697 1228 2764 homine
1251 2699 1341 2765 nullo

195 2801 376 2870 liberaliter
404 2805 556 2872 instituto
584 2806 759 2872 abhorrere
787 2806 930 2890 credam,
957 2827 1070 2872 rerum
1097 2804 1131 2868 in
1158 2805 1236 2870 boui
1260 2805 1340 2870 civis

195 2931 367 2993 personam
390 2911 503 2977 cadere
526 2932 661 2996 eamque
680 2911 791 2976 decere
809 2916 846 2977 ut
865 2912 949 2996 quod
968 2911 1123 2976 maxime:
1145 2915 1255 2978 temen
1274 2933 1340 2977 non

196 3015 389 3080 mediocrem
420 3015 567 3100 profecto
601 3017 828 3084 difficultatem
860 3018 961 3084 habet
992 3041 1102 3084 eorum
1134 3019 1340 3102 potissimum

196 3123 339 3188 virorum
367 3123 535 3208 iudicatio,
563 3124 618 3209 qui
647 3145 720 3189 cum
748 3124 1006 3210 splendidissima
1033 3125 1067 3191 in
1095 3125 1167 3190 luce
1189 3125 1339 3193 collocati

196 3231 340 3295 omnium
363 3231 467 3296 oculis
491 3234 683 3315 appareant,
712 3230 831 3315 agendi
859 3231 972 3296 modos
996 3231 1268 3318 consiliorumque
1290 3253 1339 3296 ra·

195 3337 301 3402 tiones
329 3336 530 3403 densissimis
557 3337 793 3404 taciturnitatis
823 3338 964 3403 tenebris
995 3337 1139 3404 occultas
1169 3360 1235 3406 non
1266 3351 1339 3404 con*

196 3448 371 3509 sueverunt
392 3447 521 3508 tantum
545 3444 658 3528 celare,
682 3444 737 3510 sed
760 3444 907 3529 legitime
931 3449 1025 3510 etex
1048 3445 1154 3512 officio
1178 3468 1244 3511 non
1267 3468 1339 3530 pos-

196 3553 272 3614 sunt
298 3571 365 3614 non
387 3549 497 3616 dedita
519 3572 618 3635 opera
645 3551 759 3616 celare.
804 3551 920 3635 Itaque
943 3551 1028 3636 quod
1051 3573 1118 3618 non
1140 3553 1340 3638 invenerunt,

196 3655 248 3721 eui
271 3658 389 3722 rectius
408 3657 658 3724 Humboldtiani
676 3657 799 3742 ingenii
817 3657 1040 3724 excellentiam
1064 3681 1160 3743 quam
1178 3658 1339 3726 Pericleae

195 3764 414 3847 praestantiae
437 3769 675 3850 compararent:
699 3764 732 3829 id
750 3787 823 3830 cum
841 3765 936 3830 facile
956 3766 997 3831 ab
1017 3788 1220 3851 unoquoque,
1243 3789 1339 3852 quam

196 3870 241 3934 sit
262 3892 336 3936 rere
359 3871 549 3956 iudicatum,
572 3873 744 3956 sentiatur,
771 3872 986 3939 demonstrari
1009 3879 1120 3940 tamen
1142 3873 1206 3940 nisi
1229 3896 1249 3938 a
1271 3895 1340 3958 per·

195 3979 307 4061 paucis
335 3978 421 4044 haud
448 3979 605 4065 potuerit,
633 3980 727 4064 quia,
757 3980 874 4064 quibus
904 3980 959 4044 ille
989 3982 1050 4046 riis
1081 3985 1114 4046 et
1142 3980 1267 4045 artibus
1297 3979 1338 4044 ad

195 4086 325 4149 tantum
348 4085 517 4171 fastigium
541 4085 733 4169 escenderit,
761 4106 880 4170 magna
908 4108 947 4151 ex
975 4089 1067 4171 parte
1089 4087 1187 4152 iidem
1211 4086 1338 4172 ignora·

197 4211 277 4275 mus,
300 4192 418 4275 quibus
442 4191 606 4256 Pericleae
629 4193 716 4258 vitae
734 4213 864 4258 cursum
883 4196 1050 4278 tamquam
1069 4193 1171 4260 oculis
1190 4194 1339 4260 comitari

195 4296 281 4362 licet
327 4297 452 4384 Quippe
481 4300 543 4366 hoo
573 4299 680 4383 ipsum
709 4320 775 4364 non
805 4298 875 4364 sine
905 4321 1032 4365 summo
1064 4298 1188 4386 dolore,
1220 4300 1277 4386 qui
1303 4301 1339 4366 in

194 4410 488 4491 rerumgestarum
511 4405 651 4472 historia
675 4427 806 4491 operam
829 4411 1009 4491 posuerunt
1032 4429 1133 4492 susm,
1155 4407 1269 4472 testari
1288 4429 1338 4472 so·

195 4513 264 4577 lent
282 4511 368 4578 iuter
385 4515 613 4599 antiquitatem
632 4519 665 4578 et
683 4517 831 4578 nostram
851 4517 991 4579 aetatem
1014 4516 1155 4581 maxime
1173 4516 1339 4601 interesse,

250 4637 290 4672 ra.
310 4635 459 4671 arrscnsnu
479 4635 615 4673 orvsovnn
634 4636 660 4672 v.
1091 4625 1125 4673 42
