3322 5068
519 411 652 462 sarran
675 413 722 460 su
747 412 883 460 russas
907 413 1058 462 risone.
1295 399 1359 464 229

214 554 376 640 strophas,
399 577 483 641 quae
505 555 539 620 in
562 553 790 640 tranquilliore
818 555 1012 621 instantium
1035 555 1251 640 periculorum
1275 581 1359 624 com·

214 660 448 728 memoratione
476 661 694 746 continuaque
723 661 856 726 deorum
884 661 1116 746 imploratione
1139 665 1360 748 versabantur,

215 767 318 832 denuo
346 769 527 854 repentinis
561 768 739 834 terroribus
767 790 796 833 v.
827 769 890 834 135
917 769 979 852 (ἓέ
992 770 1009 834 ἒ
1024 768 1054 850 ἔ)
1083 768 1225 854 virgines
1252 772 1358 836 exani·
1384 849 1387 854 Ι

214 877 321 941 metae
339 875 372 940 in
391 897 494 944 noros
516 874 667 961 plauctus
691 879 873 960 erumpunt,
897 897 978 960 quos
1003 873 1132 960 quidem
1154 876 1221 941 iam
1245 877 1358 962 singil-

215 982 319 1066 latim,
341 985 379 1047 ut
401 983 442 1048 ab
466 982 574 1065 initio,
597 985 630 1046 et
652 981 699 1046 ita
722 981 819 1046 simul
842 985 1093 1067 persequuntur,
1116 986 1154 1049 ut
1175 982 1358 1050 institutam

213 1089 254 1154 ab
282 1088 432 1154 universo
460 1087 560 1155 choro
583 1088 716 1154 deorum
739 1088 978 1156 invocationem
1001 1087 1204 1174 continuent,
1227 1089 1358 1175 singula

214 1195 353 1282 singulis
368 1195 521 1261 lamentis
535 1195 669 1261 nomina
683 1194 815 1260 deorum
834 1195 1014 1280 iungentes.
1038 1195 1146 1280 Atque
1164 1195 1212 1262 sic
1229 1197 1358 1262 demum

213 1303 425 1390 intellegitur,
448 1325 505 1369 cur
523 1301 696 1368 eorundem
719 1303 853 1368 deorum
877 1302 1078 1387 quorundam
1102 1303 1223 1369 mentio
1246 1303 1358 1369 iterari

214 1409 250 1473 in
272 1409 334 1475 hac
358 1413 451 1494 parte
476 1409 628 1475 carminis
652 1409 820 1474 commode
843 1408 1000 1494 potuerit3
1022 1431 1098 1475 nam
1117 1413 1246 1495 praeter
1265 1409 1359 1476 luno-

215 1537 299 1600 nem,
323 1537 404 1600 quao
428 1536 504 1582 sane
522 1537 608 1581 nova
627 1515 758 1598 accedit,
781 1519 850 1580 tum
869 1515 995 1582 Dianae
1018 1522 1087 1582 tum
1107 1516 1270 1601 Apollinis
1288 1523 1357 1582 tum

213 1621 355 1689 Palladis
388 1623 510 1687 mentio
542 1622 608 1686 iam
640 1621 726 1687 facta
755 1625 851 1687 antea
885 1623 926 1688 ab
962 1624 1111 1690 universo
1145 1623 1243 1689 choro
1277 1629 1355 1690 erat.
1373 1653 1399 1691 a

215 1729 355 1796 Tantum
379 1735 486 1794 autem
510 1727 639 1794 videtur
662 1729 818 1794 affirmari
839 1729 928 1796 haud
947 1729 1148 1798 haesitanter
1172 1751 1278 1814 posse,
1301 1752 1359 1795 nec

214 1837 382 1902 duodecim
398 1857 554 1920 apparere
573 1857 786 1919 personarum
804 1836 954 1920 vestigia,
974 1857 1055 1921 quas
1074 1837 1109 1900 in
1128 1837 1189 1903 hac
1205 1837 1359 1921 Aeschyli

214 1944 326 2009 fabula
354 1942 416 2008 sibi
440 1941 613 2027 indagasse
636 1943 725 2008 11111
753 1946 804 2008 est
826 1941 1001 2008 Muellerus
1029 1943 1062 2008 in
1086 1941 1202 2010 Aesch.
1224 1943 1359 2009 Flumen.

214 2073 244 2134 p.
270 2051 311 2116 78
327 2071 387 2134 sq.,
415 2069 474 2114 nec
498 2048 771 2134 quattuordecim,
799 2050 854 2135 qui
877 2070 1032 2115 numerus
1060 2052 1140 2116 satis
1167 2073 1226 2135 per
1249 2072 1283 2115 se
1307 2073 1358 2116 su-

212 2161 343 2242 spectus
373 2155 530 2222 Passovio
561 2156 685 2240 placuit
715 2161 748 2221 et
778 2155 941 2222 Ahrensio
971 2157 1004 2221 in
1036 2157 1124 2223 Diar.
1153 2158 1306 2224 scholast.
1329 2180 1357 2223 a.

214 2265 299 2330 1833
328 2285 359 2348 p.
387 2263 460 2328 270.
506 2261 576 2328 Nec
608 2263 713 2348 magis
745 2263 958 2348 Bambergeri
995 2264 1080 2329 ratio
1113 2263 1359 2330 commendatur

213 2369 266 2455 (de
290 2391 387 2435 carm.
410 2367 527 2434 Aesch.
551 2390 570 2434 a
592 2373 675 2452 part.
699 2369 788 2434 chori
812 2373 896 2434 cant
919 2392 949 2454 p.
964 2367 1114 2456 Alsqq.),
1136 2374 1205 2436 taur
1229 2370 1288 2434 illa
1310 2371 1357 2436 in-

214 2477 390 2560 concinna,
424 2480 460 2540 ut
491 2476 574 2542 nihil
606 2498 712 2561 supra.
759 2475 883 2542 Contra
914 2476 1115 2563 singularum
1148 2499 1358 2562 personarum

212 2585 297 2652 ullas
325 2588 434 2668 partes
462 2603 533 2647 esse
561 2602 684 2667 negans
708 2582 905 2648 Klausenius
934 2587 1042 2648 totum
1070 2605 1198 2649 carmen
1222 2584 1359 2670 integris

212 2690 373 2774 disposuit
397 2687 540 2771 strophis
568 2693 601 2753 et
629 2688 844 2772 antistrophis
872 2689 907 2752 in
931 2688 1018 2754 Diar.
1043 2689 1197 2756 scholast
1221 2711 1248 2755 a
1275 2691 1360 2756 1830

211 2821 241 2883 p.
268 2798 350 2864 1171
363 2817 447 2880 sqq,
475 2794 558 2882 unde
588 2796 713 2880 aliquot
741 2795 917 2879 scripturas
940 2796 975 2861 in
997 2797 1199 2881 propositam
1222 2820 1243 2862 a
1264 2798 1359 2863 nobis

211 2903 302 2970 chori
330 2902 468 2986 speciem
497 2901 679 2968 ascivimus.
726 2899 845 2968 Mirum
874 2907 925 2968 est
952 2904 1060 2968 autem
1088 2907 1256 2989 tamquam
1287 2926 1359 2970 con·

211 3010 385 3076 trariorum
414 3007 486 3075 loco
514 3009 556 3074 ab
585 3009 735 3074 omnibus
763 3008 875 3073 haberi
908 3012 1082 3076 metrorum
1113 3011 1358 3094 responsionem

212 3123 245 3183 et
267 3116 491 3182 recitationem
516 3115 711 3202 singillatim
735 3116 871 3200 factam3
898 3115 1035 3202 insignis
1065 3116 1152 3182 enim
1180 3139 1233 3182 ars
1262 3138 1357 3201 qnae·

211 3223 284 3289 dam
314 3227 483 3307 poetarum
510 3221 544 3286 in
572 3244 610 3287 co
639 3221 851 3308 conspicitur,
882 3227 918 3286 ut
947 3221 1045 3287 etiam
1070 3243 1153 3307 quae
1178 3245 1198 3286 a
1221 3221 1358 3309 singulis

211 3328 358 3414 personis
376 3328 593 3394 recitarentur
607 3328 794 3413 particulae,
809 3349 1017 3394 numerorum
1032 3327 1253 3394 concinnitate
1267 3350 1358 3396 exae-

214 3440 398 3521 quarentur.
443 3434 534 3511 Quae
563 3455 616 3498 ars
645 3434 674 3498 si
701 3434 735 3500 in
762 3433 825 3500 hoc
852 3435 960 3518 ipsum
988 3457 1117 3500 carmen
1150 3434 1250 3519 cedit,
1282 3435 1359 3502 licet

212 3542 277 3608 hoc
299 3543 348 3607 ita
370 3541 419 3607 uti
441 3540 577 3605 fecimus
607 3539 800 3624 significare,
823 3544 860 3605 11
883 3539 1015 3606 Graecis
1038 3541 1158 3607 litteris
1180 3545 1359 3628 metrorum

212 3647 440 3736 congruentia,
467 3646 610 3712 numeris
639 3649 747 3711 autem
776 3650 909 3712 notetur
936 3645 1015 3712 ordo
1044 3667 1264 3730 personarum.
1310 3647 1359 3713 Ac

213 3753 317 3820 multo
349 3757 435 3819 certe
463 3751 569 3816 minus
598 3751 824 3837 dubitationis,
857 3775 954 3836 quam
983 3753 1190 3837 stropharum
1219 3755 1260 3819 ab
1288 3759 1358 3832 1111

212 3859 312 3926 choro
330 3861 544 3937 cantabrum,
563 3857 783 3924 membrorum
802 3859 934 3924 illorum
954 3858 1170 3945 singularium
1188 3861 1357 3944 responsio

212 3967 321 4032 habet.
366 3963 459 4041 Quod
488 3963 618 4049 quidem
646 3987 719 4030 cum
746 3966 786 4030 de
813 3988 842 4030 v.
869 3965 1042 4031 135-149
1071 3965 1113 4030 ab
1143 3987 1206 4031 uno
1231 3986 1358 4049 quoque

212 4071 306 4137 facile
329 4071 524 4138 concedatur
546 4069 635 4158 (quis
659 4072 746 4138 enim
769 4063 991 4156 importunum
1021 4071 1101 4137 illud
1129 4069 1255 4151 Ἄρτεμι
1279 4071 1359 4152 φίλα

215 4177 265 4242 vel
289 4176 398 4243 ἓέἒέ
422 4178 506 4244 serio
533 4180 663 4244 tueatur
691 4177 819 4244 intrusa
846 4178 880 4242 in
906 4177 1047 4263 vulgatis
1070 4176 1162 4242 libris
1186 4199 1213 4242 v.
1240 4175 1303 4242 135
1327 4180 1360 4240 et

219 4283 333 4369 139?),
360 4286 470 4350 tamen
499 4284 666 4370 aliquanto
691 4284 798 4350 minus
821 4283 1061 4368 probabilitatis
1085 4281 1207 4347 habere
1231 4283 1263 4347 in
1287 4282 1358 4368 ipso

214 4391 369 4457 carminis
392 4393 487 4458 initio
512 4391 613 4458 videri
636 4392 749 4476 possit.
786 4391 908 4458 Verum
931 4389 1015 4456 hauc
1038 4409 1099 4474 ego
1122 4391 1258 4473 partem,
1281 4411 1357 4475 quo·

216 4498 451 4583 modocumque
481 4501 520 4566 de
553 4498 707 4565 carminis
737 4497 881 4564 universi
911 4495 1123 4582 dispositione
1155 4494 1360 4575 iudicabitur,
