3338 5072
297 349 416 432 366'
508 385 510 390 ·
586 382 852 432 eeonnoouaue
875 383 923 430 nn
947 382 1157 431 narraremus

297 523 359 590 His
377 525 479 610 igitur
498 526 605 591 missis
630 530 667 591 ut
690 525 732 590 ad
750 548 789 590 ea
806 547 950 611 pergam,
969 525 1004 592 in
1023 525 1139 610 quibus
1158 524 1300 590 varietas
1318 529 1444 612 regnat,

297 633 361 700 etsi
383 633 564 716 ecfodiam
586 656 614 698 v.
638 633 704 698 453
728 656 767 698 11
790 634 823 698 A
845 633 960 718 recepi,
984 655 1049 700 non
1072 637 1182 698 tamen
1206 632 1283 698 alibi
1307 655 1327 698 a
1349 632 1441 699 libris

297 740 504 825 suppeditata
529 739 660 824 effugere
686 741 803 823 efficere
831 740 1015 806 sollicitavi.
1064 741 1200 824 Inputat
1230 741 1369 806 tamesae
1397 741 1444 806 iae

295 848 388 930 ripam
410 848 623 930 inprudentem
652 847 790 930 inprobis
813 848 1015 930 iaperbcaam
1038 846 1165 912 servavi
1188 869 1217 912 v.
1243 847 1292 912 10.
1316 847 1367 912 24.
1391 847 1443 912 31.

297 953 348 1018 61.
367 955 440 1020 281.
461 954 535 1040 399,
558 955 705 1020 immanis
722 955 909 1020 immortalis
927 955 1036 1038 impoti
1053 953 1210 1036 improbas
1232 953 1321 1019 alibi.
1358 953 1442 1020 Item

296 1060 445 1126 coalooem
475 1061 665 1127 1111111111
693 1063 805 1146 conla'pi
833 1062 968 1145 mampsis
999 1061 1182 1144 conrepeerit
1212 1082 1241 1126 v.
1268 1061 1338 1126 159.
1368 1061 1442 1128 292.

297 1167 371 1232 135.
401 1167 474 1232 191.
508 1169 580 1234 118.
610 1168 689 1253 424,
721 1170 898 1234 commerita
928 1169 1138 1234 commendare
1169 1168 1318 1252 corripere
1349 1166 1442 1254 (653)

295 1295 487 1358 cmmcaepere
520 1274 614 1340 alibi:
651 1296 813 1360 nusquam
843 1279 954 1340 tamen
984 1276 1019 1340 in
1046 1275 1234 1341 Trinummo
1263 1276 1314 1341 vel
1340 1295 1443 1342 11111·

217 1405 280 1449 cxv
294 1380 346 1446 vel
368 1383 439 1447 eoll-
473 1386 638 1468 repertum
665 1381 807 1448 memini.
852 1381 1030 1466 Adgrediar·
1055 1383 1207 1448 adcurare
1233 1383 1361 1448 adsidui
1387 1383 1443 1448 ad·

289 1488 394 1570 priam
418 1489 561 1573 adposita
587 1489 706 1570 adferet
730 1489 828 1572 adfigi
853 1489 997 1574 adlcyata
1024 1490 1155 1555 adlicere
1181 1486 1259 1554 libri
1286 1488 1440 1573 praebue-

296 1600 374 1660 runt
399 1618 427 1660 v.
451 1596 503 1662 45.
533 1598 584 1664 18.
612 1595 686 1662 202.
715 1597 789 1661 313.
817 1596 891 1661 410.
921 1596 994 1661 188.
1026 1596 1118 1661 1040.
1149 1594 1243 1660 1142.
1272 1594 1444 1679 3831111-

295 1703 397 1769 traria
427 1725 534 1788 saepe,
564 1703 664 1769 etiam
696 1710 782 1769 astas
810 1704 963 1787 1111111111
991 1704 1157 1768 deamat
1186 1699 1238 1766 85.
1265 1700 1339 1766 589.
1368 1700 1442 1780 625,

295 1831 472 1894 numquam
500 1813 611 1875 tamen
638 1809 703 1874 nisi
727 1809 822 1875 fallor
844 1809 897 1874 vel
919 1808 1030 1891 affinis
1051 1807 1104 1872 vel
1131 1809 1280 1875 adwsare
1306 1807 1444 1891 adcepere

294 1917 436 1983 adoedm
462 1918 695 1982 adcommodare
721 1917 883 1999 adparere:
914 1937 1110 2001 quamquam
1133 1915 1172 1980 de
1196 1914 1333 1999 singulis
1358 1935 1442 1978 nunc

295 2044 360 2088 non
393 2024 536 2109 spondeo
568 2023 729 2089 fidentius.
775 2022 949 2106 Reliquum
982 2025 1033 2086 est
1064 2026 1101 2087 ut
1131 2021 1319 2106 saepissime
1347 2021 1381 2084 in
1408 2019 1443 2086 Β

294 2131 499 2214 potissimum
519 2133 649 2196 servate
672 2152 742 2196 esse
765 2151 808 2212 ap
830 2133 863 2194 et
885 2150 923 2212 op
946 2127 1099 2194 adnotem
1123 2131 1196 2194 ante
1219 2148 1235 2194 s
1257 2132 1292 2192 11
1315 2132 1328 2191 1
1350 2127 1438 2192 litte·

294 2257 363 2300 ras:
395 2237 505 2321 qualia
530 2259 601 2326 ⁴non
632 2240 702 2303 erat
733 2237 788 2320 qui
816 2235 937 2301 maiore
964 2235 1033 2300 iure
1062 2256 1160 2319 quam
1187 2233 1246 2300 ille
1274 2232 1314 2298 ad
1345 2231 1441 2297 unius

294 2363 426 2414 normae
450 2344 667 2410 constantiam
690 2341 922 2426 revocarem.*)
959 2340 1035 2406 Non
1054 2341 1148 2425 potui
1170 2340 1271 2426 igitur
1295 2339 1355 2404 etei
1375 2340 1442 2405 vel·

294 2448 358 2514 lem
388 2450 491 2516 oculis
520 2471 667 2535 parcere,
699 2449 816 2534 quibus
848 2470 914 2515 non
945 2448 1099 2514 mediocri
1129 2446 1299 2513 offensioni
1329 2445 1441 2512 futura

295 2557 442 2642 suspicor
470 2556 567 2622 modo
599 2557 720 2639 obsequi
743 2556 900 2641 scriptum
924 2555 1019 2621 modo
1048 2555 1170 2638 opseqai
1196 2576 1226 2619 v.
1244 2554 1319 2637 230,
1346 2553 1441 2618 modo

293 2663 442 2729 abstinere
471 2663 567 2728 modo
599 2665 752 2746 apstinere
781 2663 855 2741 289,
886 2662 1072 2748 pariterque
1101 2665 1225 2744 apscede
1261 2661 1332 2727 161.
1366 2659 1441 2740 611,

293 2789 471 2852 opsecrassc
497 2771 572 2853 661,
600 2771 778 2854 opsignatas
807 2769 871 2835 188
884 2791 954 2855 sqq.
1000 2767 1209 2853 Consequens
1239 2765 1302 2832 fuit
1330 2770 1368 2833 ut
1398 2788 1438 2832 ne

293 2897 350 2960 aps
377 2877 506 2962 quidem
533 2875 808 2963 praepositionem
832 2877 1075 2943 extimescerem
1097 2897 1126 2939 v.
1150 2874 1223 2940 219.
1246 2874 1324 2959 421,
1351 2874 1439 2939 alibi.

294 2981 357 3048 Sed
385 2985 640 3070 compositorum
668 2983 749 3049 baec
776 2983 895 3048 finibus
923 2983 1063 3068 coercui,
1091 3003 1157 3047 non
1183 3001 1376 3066 progressas
1399 2982 1439 3047 ad

292 3111 335 3173 ap
356 3111 396 3170 se,
418 3112 460 3175 ap
481 3092 584 3174 stirpe,
608 3112 804 3176 quamquam
827 3089 907 3156 talia
930 3111 1057 3175 quoque
1081 3089 1270 3174 saepissime
1288 3089 1322 3154 in
1344 3088 1439 3154 libris

294 3197 509 3281 reperiuntur,
532 3219 644 3263 verum
662 3201 773 3263 tamen
791 3219 969 3282 numquam
987 3197 1050 3262 nisi
1068 3197 1102 3261 in
1121 3217 1222 3262 unum
1241 3194 1327 3260 binis
1347 3217 1440 3261 voca·

294 3302 380 3369 bulis
394 3306 569 3372 contractis
582 3325 656 3388 apsa
666 3306 718 3390 19,
735 3307 871 3389 apectiepe
885 3301 1012 3392 211.**)
1037 3303 1099 3370 Sed
1115 3303 1196 3370 eatis
1211 3303 1249 3368 de
1263 3302 1315 3369 bis
1330 3305 1436 3390 nugis.

778 3608 888 3657 cerva
910 3589 949 3655 X.

383 3730 454 3808 Qua
477 3735 586 3797 autem
604 3731 764 3798 brevitate
784 3729 822 3796 de
845 3705 925 3798 locis
949 3732 1218 3817 grammaticis
1242 3733 1276 3798 in
1299 3732 1441 3818 superio·

293 3836 382 3903 ribus
407 3837 569 3924 capitibus
589 3837 665 3924 dixi,
688 3841 725 3904 ut
742 3841 775 3903 11
790 3838 899 3922 ipsam
919 3859 987 3902 rem
1006 3839 1111 3924 qualis
1131 3843 1218 3906 esset
1236 3859 1439 3924 exponerem,

292 3965 359 4010 non
388 3949 533 4012 moratus
562 3946 596 4010 in
626 3945 765 4010 aliorum
794 3943 1072 4030 disputationibus
1104 3947 1155 4013 vel
1185 3945 1355 4012 laudandis
1388 3945 1439 4010 vel

292 4050 484 4140 refutandis,
506 4057 540 4120 et
562 4052 764 4138 quorundam
788 4050 1025 4138 diligentiorem
1048 4051 1316 4137 disceptationem
1337 4052 1372 4116 in
1391 4049 1439 4116 fu·

293 4162 402 4226 turum
430 4164 558 4246 tempus
586 4161 759 4226 differrem:
789 4157 902 4224 eadem
928 4180 1015 4226 nunc
1043 4159 1201 4225 brevitate
1230 4163 1328 4245 atque
1357 4157 1438 4225 adeo

203 4289 279 4333 oxv1
294 4266 415 4332 maiore
442 4267 476 4332 in
505 4267 682 4333 metricis
711 4269 785 4331 utar
811 4268 858 4350 et,
886 4267 970 4350 quod
1000 4267 1131 4353 gravius
1156 4269 1218 4351 eet,
1245 4267 1278 4331 in
1305 4288 1438 4352 proso·

294 4383 324 4388 ’
349 4384 588 4495 ‘efficeras
607 4423 698 4480 sum
715 4441 742 4493 p.
762 4421 847 4491 xvc]

364 4509 404 4579 ⁸)
425 4511 483 4582 [811
493 4511 584 4568 'Pria’
603 4511 642 4567 ef.
653 4513 755 4585 Opueo.
764 4509 833 4581 phil.
842 4511 879 4566 1v
889 4529 916 4582 p.
927 4518 960 4568 99
968 4529 1007 4581 sq.
1027 4511 1140 4568 PM.
1148 4513 1179 4568 11.
1189 4529 1279 4568 enarr.
1287 4529 1315 4583 p.
1325 4513 1436 4586 120eq.]
