3316 5070
641 393 721 440 Vlll'l'
745 392 897 440 WERLER
920 391 985 441 Ans
1008 391 1150 441 DOGENT

503 529 608 597 Quodsi
626 549 708 587 nosse
726 532 821 603 cupis,
840 549 913 602 quae
932 533 969 588 eit
986 533 1033 588 via
1051 532 1180 604 proxima
1197 531 1283 601 laudi,

557 619 638 676 Vnde
656 619 783 677 homines
802 622 922 691 famam,
939 637 1042 678 nomen
1061 624 1091 678 et
1108 623 1185 678 aetra
1202 621 1310 691 petant,

502 709 598 764 Ardua
616 709 683 778 quid
701 709 803 779 virtus,
822 710 891 780 quid
908 710 1001 768 mollis
1021 710 1123 766 inertia
1140 709 1251 766 suadet:

555 799 600 852 Me
619 799 695 869 lege,
715 802 782 854 tunc
801 799 875 854 votis
893 816 959 856 mox
976 799 1088 870 pociere
1107 800 1171 856 tnie.

830 1001 962 1009 ...n-*n-

504 1141 545 1190 14.
582 1135 646 1206 llpi
655 1153 784 1207 gramm
802 1137 861 1193 anf
877 1137 954 1194 funs
970 1138 1117 1211 Dialoge
1136 1136 1290 1193 Lucisne.

325 1244 395 1312 (Ans
416 1243 457 1298 ‘L.
488 1242 606 1298 Luciani
634 1243 809 1300 Samosateni
837 1244 950 1315 Dialogi
973 1245 1022 1314 qni
1045 1243 1119 1300 infra
1142 1244 1245 1314 scripto
1269 1241 1391 1298 carmine
1411 1241 1467 1298 anis

325 1331 484 1387 nominibus
503 1331 679 1402 explicantur
696 1332 732 1387 ad
751 1333 916 1390 comendam
934 1332 1059 1404 lingnam
1080 1336 1110 1388 et
1128 1332 1257 1388 facundie
1276 1332 1382 1387 cultum
1400 1349 1468 1387 nan·

378 1419 538 1476 cisoendunr
558 1420 662 1490 oppido
679 1437 766 1491 qnam
785 1420 936 1492 aptissimi’
958 1421 1080 1492 Leipzig,
1099 1420 1200 1477 Melch.
1220 1421 1317 1478 Lotter
1336 1427 1414 1492 1513,

743 1509 794 1566 aul
810 1509 874 1565 dem
893 1510 1051 1580 Titelblatt)

707 1634 789 1690 Vitas
808 1634 958 1690 Vnerlerns
976 1634 1084 1691 lectori.

432 1758 535 1815 Lucius
553 1758 679 1814 excultos
696 1757 809 1828 placido
828 1776 955 1815 sermone
974 1760 1083 1831 lepores

485 1849 617 1919 Explicat
634 1847 664 1903 in
682 1848 768 1904 variis
787 1848 889 1904 cultior
906 1848 967 1919 ipse
985 1848 1075 1918 libris,

432 1937 464 1990 ln
482 1937 584 2006 quibus
603 1937 645 1991 eet
664 1936 796 2006 ‘Virtus’,
816 1937 960 2008 ‘Scapha’,
981 1937 1109 2008 ‘Scipio’,
1128 1938 1168 1992 sic
1188 1936 1369 2006 ‘Palinnrne’,

486 2025 525 2080 llt
541 2025 626 2080 simul
643 2024 775 2080 Herculei
792 2025 908 2081 nomina
925 2026 1002 2081 clara
1020 2025 1106 2080 ducis.

433 2114 562 2186 Optimus
580 2116 683 2184 orator,
702 2117 781 2170 vates
800 2113 997 2170 celeberrimae
1016 2114 1091 2170 idem

486 2201 586 2260 Cetera
603 2205 632 2276 et
650 2203 767 2259 arbitrio
784 2206 878 2259 versat
894 2203 999 2274 ubique
1018 2221 1076 2259 suo.

430 2293 560 2349 Rusticus
579 2309 609 2348 es
628 2292 773 2362 (quidne),
792 2291 817 2348 si
834 2309 890 2350 non
908 2291 1058 2348 virtutibus
1075 2293 1150 2349 ultro

484 2380 603 2437 Eximiis
622 2381 698 2437 docti
717 2397 909 2438 commoveam
927 2381 990 2436 viri.

541 2727 581 2778 15.
613 2721 808 2792 Epigramm
827 2721 888 2778 anf
907 2721 1063 2777 Valerius
1081 2721 1253 2777 Maximus.

326 2828 394 2894 (Ans
420 2825 539 2882 ‘Valerii
561 2827 678 2883 Maximi
701 2827 775 2884 Civis
793 2826 915 2884 Romani
932 2826 967 2883 de
985 2827 1068 2882 factis
1086 2844 1120 2884 ac
1138 2828 1220 2884 dictis
1238 2827 1467 2883 memorabilibus

325 2914 524 2986 Exemplorum
538 2916 615 2971 Libri
633 2934 734 2973 novem
748 2921 809 2974 tum
823 2920 938 2988 propter
952 2917 1010 2973 stili
1025 2916 1216 2974 maturitatem
1229 2918 1290 2972 tum
1305 2932 1370 2972 vero
1384 2932 1467 2987 prop-

360 3005 404 3058 ter
423 3004 481 3060 vite
499 3005 713 3061 instructionem
731 3004 886 3061 utilissimi’
906 3005 1035 3077 Leipzig,
1054 3006 1155 3062 Melch.
1175 3006 1272 3062 Lotter
1292 3011 1370 3074 1⁶14,
1389 3006 1440 3060 anf

753 3093 817 3149 dem
836 3093 1041 3165 Titelblatt⁹))

652 3218 734 3273 Vitus
755 3217 904 3274 Vnerlerus
922 3217 1139 3275 Sultzveltensis.

465 3341 496 3396 Si
513 3343 556 3398 vis
576 3319 724 3398 candiclnle
743 3344 874 3399 absoluta
890 3341 981 3399 lector

466 3431 540 3486 Heus
558 3431 663 3502 scripta
681 3431 842 3487 Aeneadum
860 3433 905 3488 tot
921 3433 952 3486 et
969 3430 1117 3502 Pelasgum

467 3520 592 3576 Prudens
609 3537 737 3590 noscere,
756 3520 781 3576 si
798 3521 876 3592 pium
895 3520 995 3590 deique

469 3607 583 3664 Cultum
601 3610 710 3680 syderei
728 3627 780 3667 nec
797 3610 960 3666 invenustoe

465 3697 556 3754 lloree
575 3698 709 3768 temporis
728 3701 760 3755 at
777 3698 947 3768 vetustioris,

466 3786 578 3842 Clarum
596 3785 725 3842 Romulei
744 3788 828 3842 decus
846 3787 983 3858 triumphi

466 3875 660 3944 Antiquoeque
679 3876 775 3944 duces,
794 3877 899 3932 bonum
918 3875 1076 3944 Camillum,

466 3964 524 4018 Aut
541 3963 626 4019 duros
645 3963 759 4018 Curium
777 3965 863 4020 boues
882 3965 1053 4033 coquentem,

466 4049 525 4106 Aut
541 4051 655 4120 Brutos,
675 4051 789 4122 Fabios,
808 4069 886 4108 senes
906 4051 1033 4120 Catones,

467 4141 523 4194 Ant
542 4139 627 4196 fortes
646 4140 757 4210 Detios,
774 4142 939 4210 patremque
959 4139 1081 4211 [patrem
1099 4139 1214 4212 atquet]
1233 4144 1340 4212 natum,

465 4229 523 4282 Aut
541 4228 669 4284 Crassum
687 4227 880 4295 immodicum,
899 4231 992 4284 truces
1011 4226 1159 4298 Cethegos,

411 4407 438 4478 *)
463 4405 654 4477 [Wiederholt
671 4407 701 4462 in
719 4405 863 4478 Freytag's
887 4407 1058 4478 ‘Adparatns
1081 4405 1251 4462 litterarius’
1278 4410 1298 4463 t.
1318 4406 1357 4461 lll
1375 4407 1463 4478 (Lina.

324 4499 404 4564 1755)
422 4513 449 4564 p.
469 4493 561 4563 tati,
579 4495 635 4565 vgl.
656 4494 757 4567 Opnsc.
777 4496 815 4551 lll
834 4513 861 4567 p.
878 4501 937 4551 114.
975 4495 1005 4552 G.
1019 4497 1078 4568 W.]
