3332 5074
315 405 381 470 484
604 419 863 468 Pnounoonnna
888 421 935 466 nn
960 419 1172 467 nnutomnvs

179 609 185 620 .
314 565 455 645 (obulum
482 565 552 630 siue
578 564 670 632 hono:
703 587 806 650 neque
834 565 920 630 onim
949 564 987 628 de
1017 563 1080 628 alia
1108 562 1171 626 nisi
1199 562 1237 626 do
1265 561 1323 627 hoo
1350 563 1464 628 fabula

316 671 454 756 cogitari
477 675 604 755 potest,
627 693 686 736 neo
709 672 747 735 ds
772 672 857 755 aliis,
881 693 961 756 quos
985 675 1081 754 roget
1103 673 1210 754 poeta,
1231 669 1304 735 nisi·
1321 669 1360 734 de
1383 670 1464 752 ipsis

317 768 577 861 spectatoribus}
606 782 720 866 oontra
751 801 817 843 non
850 779 980 862 aliquod
1011 799 1145 860 nomen,
1179 777 1235 841 sed
1267 777 1329 842 hoo
1363 799 1462 840 unum

316 889 445 968 praetor
468 886 593 969 reliqua
617 885 727 950 omnia
750 907 826 950 suae
851 885 921 949 vult
943 883 1074 950 fabulae
1098 883 1235 967 imponi,
1263 887 1463 968 quapropter

316 1011 380 1055 non
407 992 490 1055 nario
518 992 573 1057 hoo
600 993 656 1058 uo's
677 997 767 1076 royot
788 993 846 1057 illa
869 991 1058 1058 collocanda
1081 994 1176 1055 orant
1199 1013 1271 1055 oum
1294 990 1464 1072 Palatinis,

316 1097 370 1161 sod
390 1094 462 1162 oum
482 1099 701 1165 Ambrosiano
724 1099 807 1164 utino
829 1120 885 1163 uos
908 1099 963 1162 laio
985 1097 1120 1182 ranulfi)
1153 1095 1213 1160 Sed
1235 1098 1335 1161 etiam
1354 1097 1463 1182 paullo

316 1204 480 1287 longiores
512 1207 740 1271 vocabulorum
771 1205 895 1271 formae
926 1210 959 1270 et
992 1208 1105 1289 suapte
1137 1203 1376 1289 significatione
1406 1204 1464 1267 ali-

317 1315 439 1394 quanto
472 1313 647 1398 ampliores
679 1313 828 1378 notiones
860 1317 971 1376 tamen
1002 1311 1050 1376 ita
1082 1333 1116 1375 so
1146 1311 1266 1375 habere
1294 1310 1334 1374 ad
1362 1311 1464 1374 totius

317 1417 477 1482 enuntiati
507 1419 557 1482 sui
590 1420 750 1484 rationem
782 1423 935 1503 possunt,
967 1422 1005 1482 ut
1035 1419 1132 1482 huius
1164 1438 1308 1482 summae
1338 1417 1464 1481 nullum

316 1526 374 1586 aut
400 1525 611 1609 perexiguum
646 1525 773 1609 pondus
802 1525 937 1591 addant:
969 1548 986 1589 o
1015 1548 1078 1609 quo
1109 1526 1317 1610 consequitur
1346 1527 1384 1587 ut
1410 1523 1463 1586 de·

317 1630 464 1695 litesoero
493 1633 526 1695 in
555 1633 640 1696 thesi
672 1619 845 1718 potuorint.
892 1631 944 1697 Sia
972 1634 1005 1696 in
1032 1633 1085 1697 his
1112 1655 1141 1697 v.
1168 1633 1221 1696 14:
1256 1631 1411 1711 Quoniam
1437 1632 1466 1694 ei

316 1738 370 1818 qui
392 1759 439 1801 me
462 1739 555 1802 oleret
576 1741 625 1804 m‘l
646 1742 752 1805 uideo
774 1743 836 1806 e‘sse
857 1741 974 1817 relicui,
997 1739 1129 1804 tantilla
1149 1739 1197 1803 vis
1221 1743 1272 1803 est
1294 1741 1382 1802 uideo
1405 1759 1463 1803 no-

316 1843 430 1926 tionis,
458 1849 494 1910 ut
521 1848 611 1911 nullo
640 1847 743 1932 ipsius
772 1847 953 1912 sententiae
979 1845 1175 1911 detrimento
1199 1846 1379 1910 sine'm'deo
1402 1844 1465 1908 dioi

316 1951 460 2034 potuerit
490 1955 637 2034 quomam
669 1957 697 2018 ei
728 1954 811 2018 nihil
839 1960 882 2018 est
914 1955 1029 2018 relicui.
1080 1953 1163 2016 Item
1193 1975 1221 2018 u.
1251 1953 1294 2016 54
1319 1974 1379 2036 pro
1411 1950 1464 2014 his

318 2055 467 2123 ommno
488 2062 611 2144 omioi's,
638 2061 720 2143 qaod
741 2059 821 2123 mihi
847 2061 899 2142 e'st,
926 2061 1032 2142 cupio
1060 2080 1122 2124 esse
1147 2060 1220 2122 item
1249 2057 1368 2122 licebat
1393 2080 1464 2141 pro·

316 2163 401 2228 fecto
425 2166 524 2230 etiam
549 2168 619 2232 sina
642 2169 731 2250 nassn'o
754 2168 843 2231 velut
866 2167 925 2232 sio:
949 2167 1089 2231 manitas
1111 2167 1192 2230 auem
1213 2166 1256 2230 sit
1276 2165 1358 2246 qaod
1379 2163 1465 2228 milti.

224 2303 303 2342 conv
318 2269 381 2335 Vel
405 2295 433 2335 v.
457 2273 521 2336 859
547 2274 640 2336 Neine
667 2295 718 2356 φο
744 2277 775 2337 si
795 2279 924 2355 potero
952 2274 1141 2338 mammos
1162 2272 1315 2335 hominem
1338 2272 1465 2336 cirmum-

316 2377 434 2454 ducere,
461 2377 553 2443 Dabo
582 2399 706 2461 operam
733 2378 816 2444 nihil
845 2379 1001 2444 momenti
1030 2380 1062 2443 in
1087 2383 1193 2461 potero
1221 2378 1310 2442 verbi
1333 2378 1465 2443 notione

317 2505 386 2546 esse
415 2485 526 2549 statim
555 2485 631 2549 hino
659 2485 873 2570 intellegitur,
901 2487 986 2570 quod
1016 2486 1127 2550 eadem
1157 2485 1228 2549 sino
1251 2505 1342 2566 posse
1365 2485 1464 2550 verbo

318 2591 364 2654 sio
392 2590 454 2655 dioi
481 2595 669 2675 potuerunt:
697 2591 774 2656 dabo
802 2613 927 2674 operam
953 2598 989 2656 at
1015 2593 1168 2656 hominem
1195 2594 1384 2656 ornamentis
1405 2593 1465 2656 oir-

317 2699 505 2762 cumduoam.
550 2699 634 2762 Item
657 2698 818 2782 perlevem
849 2700 914 2762 vim
945 2700 1045 2780 focem
1072 2699 1171 2763 habet
1198 2722 1226 2762 v.
1254 2698 1319 2763 674
1346 2703 1467 2780 reputes

317 2805 393 2886 quid
412 2805 513 2884 facere
534 2807 670 2888 e'xpelos,
694 2827 776 2889 quae
800 2828 933 2888 prorsus
957 2809 1098 2890 aequant
1121 2806 1202 2871 alias
1226 2805 1377 2889 loquendi
1400 2804 1465 2869 for-

317 2933 388 2975 mas
421 2916 458 2976 ut
490 2911 583 2996 ‘quid
616 2912 708 2994 velis,
743 2913 902 2994 moliaris,
935 2911 1116 2976 intendas’:
1149 2935 1253 2996 neque
1282 2911 1367 2976 anim
1397 2910 1465 2975 ullo

318 3018 413 3082 modo
434 3019 536 3099 facere
558 3021 591 3080 et
613 3019 709 3082 unere
732 3019 782 3082 vel
802 3017 921 3083 similia
940 3020 976 3082 ut
994 3019 1146 3102 opposita
1164 3018 1359 3102 cogitantur.
1396 3017 1465 3081 Neo

317 3125 389 3207 plus
414 3125 602 3190 offensionis
625 3148 654 3190 v.
681 3127 739 3190 131
766 3127 959 3190 tollamini
988 3126 1176 3191 ‹idumsoeiati
1198 3125 1250 3189 vel
1279 3127 1379 3189 animi
1408 3127 1465 3188 ivn-

313 3233 382 3312 poti
404 3231 515 3314 habat,
543 3232 597 3297 ubi
622 3236 654 3296 ot
682 3233 762 3297 satis
792 3238 862 3297 erat
884 3234 1069 3298 adulescenti
1082 3232 1154 3296 ‹lioi
1179 3232 1249 3294 sina
1271 3231 1404 3313 lunzini,
1433 3235 1467 3294 et

318 3342 484 3422 tamquam
508 3339 542 3403 in
566 3361 663 3404 unam
687 3340 853 3404 notionem
876 3362 948 3404 oum
974 3340 1030 3403 illa
1053 3342 1171 3403 coeunt
1193 3341 1262 3401 tum
1285 3338 1386 3400 animi
1408 3338 1466 3399 ›int-

312 3446 393 3526 poli:
418 3445 568 3508 similiter
592 3468 629 3510 ao
652 3467 680 3509 v.
704 3446 767 3510 381
792 3452 921 3510 ueterem
944 3446 1034 3528 atquo
1057 3449 1227 3528 antiquom.
1275 3443 1360 3508 Hino
1383 3443 1467 3506 iudi·
1521 3511 1531 3518 ,

319 3551 385 3614 oari
419 3553 457 3616 de
487 3553 632 3616 centonis
665 3552 821 3635 exemplis
854 3553 984 3636 poterit.
1033 3551 1131 3616 Velut
1163 3574 1234 3616 oum
1266 3549 1465 3615 Bacchidum

319 3679 430 3721 versus
454 3659 506 3723 63.
530 3661 573 3724 65
596 3660 662 3742 [94.
686 3660 742 3742 96]
768 3660 814 3724 sio
837 3661 976 3744 scriptos
1000 3659 1207 3725 Hermannus
1231 3658 1389 3722 exhibuit:

336 3883 337 3888 ἵ
408 3785 480 3883 ligo
504 3801 609 3866 sorori
632 3823 723 3866 meae
747 3801 843 3866 hodie
867 3824 999 3867 coenam
1023 3803 1098 3867 dare
1123 3804 1197 3867 uolo
1221 3801 1388 3866 uiatioam:

408 3907 457 3970 Tu
481 3909 677 3991 opsonatum
702 3909 800 3973 facito
825 3909 919 3973 nobis
943 3907 988 3974 sit
1012 3910 1203 3994 opulentum
1228 3909 1412 3992 opsonium:

319 4054 432 4116 eontra
455 4051 557 4116 libros
580 4059 768 4136 utrumque,
797 4051 829 4113 in
859 4050 975 4136 quibus
998 4041 1082 4115 ntiae
1108 4071 1214 4115 mnata
1241 4051 1328 4116 hodio
1356 4054 1406 4114 ost
1434 4055 1468 4114 et

321 4159 370 4221 Τά
385 4159 481 4239 facito
500 4159 694 4240 opsoizutam:
714 4157 793 4221 illud
815 4158 942 4242 quidem
962 4161 1099 4241 apparet
1117 4159 1336 4222 necessarium
1355 4157 1467 4240 fuisse,

320 4285 390 4328 oum
410 4264 444 4327 in
464 4285 554 4328 certon
578 4265 711 4328 notione
735 4263 891 4346 primaria
915 4265 963 4330 vis
984 4265 1028 4328 sit
1046 4265 1147 4329 totius
1168 4265 1358 4349 sententiae,
1376 4263 1467 4328 nulla

408 4439 434 4506 *)
459 4439 520 4510 [uos
538 4441 588 4493 too
606 4438 701 4494 Tria*
727 4438 771 4492 ‘ut
793 4455 816 4493 o.
842 4455 864 4492 o.
884 4458 910 4493 v.
935 4445 977 4494 Ἡ,
997 4446 1038 4494 87.
1063 4445 1120 4494 153.
1140 4445 1192 4494 485
1212 4440 1381 4508 omninoque
1401 4457 1467 4494 oon·

321 4525 462 4580 suetudini
480 4525 639 4593 rationique
658 4527 891 4597 convenienter.’]
