3338 5072
283 365 348 431 296
572 379 836 430 rnonnsousua
859 380 906 427 nn
929 380 1139 431 narroumvs

284 525 338 590 diu
362 525 515 610 perstitit
552 523 645 602 Quod
669 525 725 610 qui
746 523 834 608 fecit,
857 545 923 590 non
947 525 988 590 ab
1011 545 1059 609 eo,
1081 523 1167 590 unde
1190 523 1428 610 Gdesoriptus,

284 631 393 698 codice
415 631 581 716 proiectus
605 635 663 714 est,
687 630 743 696 sed
763 630 872 716 aliquo
891 632 1073 717 antiquiore
1092 655 1183 698 usus:
1206 632 1239 696 id
1258 631 1344 717 quod
1362 653 1429 700 non

284 760 380 824 posse
403 761 469 804 non
491 739 541 804 ita
562 760 633 804 esse
655 737 742 804 infra
765 738 943 822 apparebit

373 951 405 1018 Il
429 951 642 1020 Vaticanus
666 953 763 1039 3870,
787 952 953 1039 eleganter
975 954 1063 1039 picto
1087 953 1208 1040 insigni
1232 953 1341 1039 gentis
1363 951 1429 1019 Me·

284 1061 393 1127 diceae
417 1063 567 1146 ornatus,
600 1060 686 1146 quod
709 1081 776 1126 non
799 1060 911 1126 dubito
936 1060 1015 1146 quin
1037 1059 1078 1126 ad
1101 1059 1221 1126 Leonis
1244 1060 1275 1125 X
1297 1062 1430 1146 pontifi-

285 1171 394 1234 catum
418 1171 550 1252 spectet.
595 1166 692 1232 Hunc
716 1166 912 1252 simulatque
935 1167 970 1232 in
991 1165 1151 1232 Vaticana
1173 1168 1313 1253 repperi,
1336 1168 1430 1235 intel·

284 1275 350 1340 leri
381 1273 475 1339 illum
508 1273 650 1339 codicem
680 1295 764 1359 esse,
797 1296 892 1359 quem
924 1273 963 1338 de
995 1274 1071 1339 crisi
1098 1273 1203 1341 Plaut
1226 1298 1257 1360 p.
1283 1275 1345 1341 156
1360 1297 1429 1362 sqq.

286 1382 342 1463 [=
357 1379 475 1465 Opusc.
498 1379 579 1464 phil.
592 1379 625 1445 H
647 1401 678 1464 p.
692 1379 714 1445 5
728 1383 810 1466 sqq.]
835 1403 852 1446 e
874 1380 1053 1468 Poggianis
1076 1381 1225 1466 epistulis
1249 1382 1430 1448 docuissem

287 1511 307 1552 a
337 1485 513 1553 .N1conao
554 1487 780 1554 Tnuvannnsl
824 1488 859 1553 in
904 1485 1078 1553 Germania
1122 1488 1355 1575 investigatum
1401 1512 1430 1555 a.

286 1611 558 1661 cloceccxxvuu
581 1593 719 1660 Romam
741 1594 937 1679 pervenisse,
959 1593 1090 1660 lordani
1105 1592 1235 1659 Vrsini
1259 1593 1431 1662 cardinalis

286 1701 436 1768 manibus
463 1701 629 1767 traditum.
675 1699 828 1768 Continet
854 1702 883 1766 is
910 1701 945 1767 in
969 1717 1097 1766 cccvur
1121 1700 1317 1767 membranis
1340 1723 1432 1786 prae·

285 1812 336 1875 ter
367 1808 562 1892 posteriores
594 1807 723 1874 fabulas
753 1806 817 1873 XII
845 1806 897 1873 his
926 1809 1123 1892 praemissas
1151 1807 1432 1894 Amphitruonem,

286 1914 491 1998 Asinariam,
528 1915 733 1981 Aululariam
774 1916 807 1979 et
848 1912 1016 1979 dimidiam
1056 1917 1184 1999 partem
1221 1912 1433 1999 (iaptivorum

285 2043 387 2108 usque
411 2021 451 2087 ad
474 2020 532 2106 ΙΠ,
557 2022 587 2106 2,
601 2021 636 2086 4:
660 2041 779 2086 vacuas
802 2021 940 2106 paginas
963 2019 1063 2086 habet
1085 2043 1185 2087 unam
1208 2022 1242 2084 et
1264 2019 1432 2088 dimidiam

284 2129 307 2194 f.
335 2129 378 2194 59
406 2129 441 2193 in
469 2128 533 2194 fine
560 2126 763 2212 Aululariae‚
796 2149 852 2192 sex
886 2125 983 2192 filo.
1008 2128 1059 2193 71.
1084 2127 1126 2192 72
1158 2131 1235 2212 post
1267 2125 1433 2215 Captivos,

286 2239 413 2320 partem
435 2234 574 2320 paginae
597 2232 620 2300 f.
635 2235 709 2300 201»
732 2237 809 2318 post
832 2232 1081 2318 Amphitruonis
1104 2231 1164 2319 IV,
1177 2236 1206 2300 2.
1236 2233 1317 2302 Elius
1340 2240 1434 2303 tanta

288 2345 339 2408 est
356 2363 430 2408 cum
444 2341 473 2409 0
488 2340 675 2420 similitudo,
699 2345 736 2406 ut
754 2362 820 2407 non
838 2341 943 2406 solum
964 2344 1080 2426 aetate,
1104 2341 1283 2425 scripturae
1307 2364 1433 2428 genere,

286 2450 392 2516 forma
410 2449 672 2514 membranarum
690 2469 823 2532 prorsus
843 2447 974 2532 gemelli
993 2447 1068 2532 sint,
1091 2448 1147 2514 sed
1166 2449 1263 2513 etiem
1282 2472 1433 2518 versuum

286 2556 495 2623 distinctione
519 2556 570 2622 vel
593 2555 703 2641 potius
726 2577 792 2621 non
817 2555 972 2622 distincta
990 2555 1215 2640 continuitate,
1238 2561 1335 2643 atque
1353 2559 1433 2626 adeo

289 2660 496 2728 multitudine
515 2684 667 2728 versuum
686 2662 720 2728 in
739 2663 878 2748 singulis
897 2663 1092 2748 paginarum
1111 2664 1316 2748 scriptorum.
1339 2664 1433 2731 Eius·

287 2771 360 2836 dem
389 2771 498 2834 autem
520 2767 688 2834 Vrsiniani
721 2768 878 2834 beneficio
909 2767 1033 2854 patuit,
1066 2790 1147 2855 quae
1175 2769 1302 2855 utrique
1330 2769 1434 2837 codici

287 2900 360 2945 cum
380 2876 513 2942 ‘Vetere
546 2876 751 2963 cognationis
784 2876 869 2941 ratio
902 2875 1122 2941 intercederet
1178 2875 1240 2954 Qui
1272 2899 1346 2942 cum
1377 2900 1435 2964 per

287 2985 411 3068 primas
441 2982 625 3050 comoedias
656 2982 759 3049 multo
790 3004 887 3068 qnam
917 3004 976 3066 per
1005 2983 1202 3067 posteriores
1230 2983 1433 3050 constantius

289 3111 337 3157 ιιι
369 3112 519 3158 versuum
549 3091 584 3155 in
614 3090 752 3175 singulis
781 3089 912 3175 paginis
942 3111 1113 3154 numerum
1143 3093 1264 3174 servet,
1296 3090 1433 3157 totidem

288 3198 442 3283 apparuit
464 3196 676 3263 Vrsinienum
699 3197 735 3262 in
758 3197 843 3262 binis
867 3197 996 3283 paginis
1020 3193 1154 3284 (quippe
1178 3219 1273 3264 senos
1297 3200 1330 3263 et
1352 3198 1434 3264 vice·

287 3329 350 3372 nos
372 3307 406 3371 in
431 3301 584 3390 singulis)
606 3304 804 3389 perscriptos
828 3304 995 3370 exhibere:
1017 3305 1064 3370 ite
1087 3303 1217 3389 quidem
1240 3307 1277 3369 ut
1299 3309 1366 3371 tres
1389 3305 1434 3372 fa

168 3431 275 3472 xxxm
288 3414 383 3479 bulas
407 3411 696 3496 Amphitruonem,
719 3411 921 3496 Asinariam,
944 3411 1146 3479 Aululariam
1174 3429 1262 3477 tvm
1293 3413 1434 3499 paginae

288 3519 432 3604 Veteris,
459 3518 597 3584 totidem
625 3522 732 3585 autem
757 3518 963 3584 membranae
986 3517 1154 3583 Vrsiniani
1177 3519 1318 3604 capiant.
1363 3519 1434 3596 Qua

290 3626 419 3711 quidem
442 3625 656 3710 congruentia
679 3624 936 3692 luculentissime
959 3625 1118 3710 probatur
1141 3647 1180 3690 ex
1203 3648 1266 3692 uno
1290 3626 1379 3692 fonte
1402 3629 1436 3692 et

290 3733 325 3800 B
344 3735 377 3797 et
394 3731 454 3799 01)
477 3753 634 3799 manasse.
661 3731 867 3798 Discriminis
892 3735 1000 3798 autem
1023 3731 1151 3798 intcrO
1170 3736 1205 3797 et
1226 3732 1261 3799 D
1283 3733 1350 3798 fere
1372 3732 1434 3798 hoc

289 3843 418 3906 tentum
446 3839 632 3924 intercedit,
664 3838 749 3924 quod
776 3837 829 3904 hie
853 3842 887 3903 et
908 3860 974 3904 una
996 3861 1095 3904 manu
1119 3860 1219 3924 eaque
1243 3843 1295 3905 sat
1318 3861 1433 3925 aequa-

289 3947 400 4013 biliter
423 3947 563 4034 scriptus
582 3949 642 4031 est,
665 3949 698 4012 et
717 3944 890 4031 aliquanto,
902 3969 1000 4031 quam
1014 3945 1043 4013 0
1058 3945 1187 4031 saepius
1206 3946 1318 4012 eedem
1338 3969 1435 4012 manu

290 4055 374 4120 inter
392 4053 595 4120 scribendum
614 4054 786 4137 correctus,
805 4057 837 4116 et
855 4052 890 4117 in
909 4052 1080 4117 verborum
1098 4051 1308 4119 distinctione
1327 4055 1434 4120 minus

290 4162 442 4229 sitimus:
466 4184 529 4247 quo
552 4164 704 4246 quartum
726 4158 788 4226 hoc
812 4160 946 4243 aceedit,
968 4159 1054 4245 quod
1073 4160 1339 4245 compendiorum
1359 4161 1434 4228 scri-

290 4269 387 4335 bendi
414 4269 526 4354 paullo
553 4265 753 4352 frequentior
780 4289 858 4332 usus
886 4267 921 4332 in
943 4266 979 4333 D
1000 4271 1051 4332 est
1074 4290 1172 4353 quam
1195 4267 1247 4334 vel
1271 4268 1305 4333 in
1326 4267 1361 4334 B
1384 4270 1436 4335 vel

290 4377 325 4442 in
348 4375 385 4463 0,
412 4377 447 4442 in
471 4376 587 4462 quibus
611 4377 740 4461 praeter
762 4397 787 4458 p
808 4396 867 4459 pro
890 4395 959 4459 que,
996 4395 1015 4465 ρ
1035 4395 1094 4458 pro
1118 4395 1168 4459 aa,
1198 4374 1301 4459 cipro
1323 4396 1378 4441 ram
1401 4376 1435 4439 et

292 4505 375 4568 quae
393 4481 535 4548 eiusdem
554 4486 631 4547 sunt
649 4481 785 4567 generis,
807 4501 911 4565 penca
930 4478 1107 4546 illiusmodi
1128 4481 1276 4568 exempla
1295 4485 1435 4550 exstant
