3266 5070
302 367 345 432 66
621 385 701 432 vsrr
725 385 874 432 unauna
897 384 961 433 sus
985 383 1126 434 nocens

302 539 387 593 opere
414 522 521 592 alioqui
548 539 603 579 uon
631 523 782 580 iniucunda
810 523 943 593 detritus,
966 527 999 580 ut
1021 542 1088 593 qum
1110 523 1236 595 singulas
1264 541 1308 580 res
1326 525 1444 595 diligen·

302 611 358 666 tius
377 612 551 682 contemplor
569 630 737 682 manumque
756 613 835 683 operi
853 629 1051 684 nonuunquam
1074 614 1203 682 adhibeo,
1222 614 1394 682 factumest,
1412 615 1446 668 ut

301 704 420 758 venator
443 701 495 756 sim
519 702 575 756 iam
597 701 799 772 propemodum
823 703 911 758 bonus
933 705 963 759 et
986 719 1071 772 eques
1095 721 1151 758 uon
1170 703 1282 760 omnino
1301 701 1445 773 pessimus.

302 789 387 845 Rides
405 791 438 844 tu
455 790 582 860 tortasse,
602 791 668 846 dum
687 807 721 846 ea
738 789 824 861 legis,
843 793 874 846 at
891 791 1008 860 rideres,
1025 794 1072 864 sat
1090 792 1157 862 seio,
1175 791 1265 848 multo
1284 793 1370 848 etiam
1388 809 1446 846 ma·

304 879 361 950 gis,
390 878 414 934 ai
436 896 482 934 me
500 896 572 950 equo
590 879 710 950 impigre
728 882 833 935 terram
851 881 969 950 pedibus
988 881 1159 949 concutienti
1187 881 1354 938 insidentem
1388 897 1446 936 cer·
1522 934 1534 954 ,

302 985 423 1039 sumque
442 967 526 1039 pleno
544 985 626 1023 eursu
644 985 695 1040 per
712 968 789 1026 invia
807 986 933 1040 quaeque
951 969 1146 1040 insequentem
1164 971 1283 1026 videres.

374 1076 435 1141 Quo
454 1075 540 1130 animi
559 1075 640 1131 aestu
657 1076 881 1132 reverendissimi
896 1076 1108 1149 Bambergeusis
1127 1077 1262 1134 eeclesiae
1281 1078 1348 1134 olim
1367 1094 1446 1148 prae·

303 1165 371 1219 sulis
389 1166 508 1220 mortem
526 1165 705 1234 pertulerim,
724 1169 785 1222 tute
804 1181 848 1221 me
867 1167 953 1222 etiam
972 1168 1083 1222 tacente
1102 1167 1185 1222 facile
1204 1167 1337 1236 consequi
1355 1169 1446 1238 potes.

302 1253 387 1308 Eram
406 1256 474 1308 tuuc
483 1252 618 1320 Viennae,
636 1254 707 1308 nulli
725 1255 818 1310 minus
837 1273 922 1324 qnam
940 1255 1005 1310 huic
1023 1255 1065 1310 rei
1083 1255 1216 1325 intentus,
1235 1261 1312 1310 ecce!
1331 1253 1447 1310 nuncius

302 1343 391 1408 adest,
409 1342 485 1397 illius
504 1344 623 1397 mortem
642 1345 671 1397 et
689 1359 752 1398 eam
766 1344 879 1412 quidem
894 1361 928 1400 ex
941 1343 1076 1400 incisione
1090 1345 1170 1400 nobis
1185 1344 1361 1415 significavit.
1387 1343 1447 1412 Quo

305 1430 355 1487 alii
369 1430 465 1487 animo
479 1429 591 1499 inerint,
610 1430 683 1485 nihil
697 1449 811 1488 moveor
825 1448 887 1503 ego,
901 1434 939 1490 sit
952 1451 1003 1504 per
1016 1450 1061 1489 me
1075 1451 1156 1488 susm
1171 1433 1272 1504 cuique
1285 1433 1446 1504 pulchrum,

305 1537 351 1575 me
370 1522 445 1576 certe
464 1522 544 1577 tauto
563 1521 661 1577 dolore
680 1521 782 1590 affecit,
801 1525 833 1600 ut
851 1522 1072 1578 consolationem
1090 1521 1147 1578 iere
1162 1523 1269 1577 nullam
1284 1538 1375 1577 essem
1394 1522 1446 1577 ali-

303 1627 387 1678 quam
407 1609 455 1665 diu
474 1610 654 1666 admissurus.
692 1609 730 1665 Et
747 1611 815 1679 quid
833 1611 864 1665 ni
882 1611 1020 1681 dolerem,
1040 1611 1179 1667 Bilibalde
1199 1611 1255 1667 mi?
1281 1614 1447 1668 oneraverat

302 1697 351 1752 ille
370 1715 415 1753 me
435 1698 577 1767 quondam
595 1699 753 1756 immodicis
771 1700 928 1772 promissis,
951 1705 985 1756 ut
1003 1699 1115 1771 Carolo,
1138 1699 1216 1755 illius
1235 1718 1270 1758 ex
1287 1719 1381 1758 sorore
1400 1718 1447 1756 ne·

303 1787 377 1856 poti,
396 1803 561 1857 quocunque
579 1790 801 1859 proficisceretur
820 1789 975 1844 studiorum
994 1789 1094 1860 gratia,
1115 1790 1159 1845 vel
1179 1790 1310 1845 comitem
1329 1789 1375 1845 vel
1393 1789 1443 1842 du·

249 1899 289 1937 ses
304 1893 363 1931 cem
386 1877 480 1946 potius
503 1894 547 1932 me
566 1876 658 1947 ipsum
677 1878 846 1934 exhiberem.
883 1877 919 1932 Et
938 1877 1054 1934 Carolus
1073 1877 1205 1946 calcaria,
1225 1879 1257 1932 ut
1274 1879 1304 1934 id
1322 1894 1443 1948 agerem,

302 1965 474 2021 incessanter
496 1967 673 2022 admovebat.
715 1967 879 2023 Revocabsr
903 1985 935 2022 ex
965 1967 1093 2038 Lipseusi
1122 1967 1286 2035 Academia,
1313 1967 1447 2037 parebam

303 2070 359 2110 uon
387 2055 445 2110 sine
474 2055 597 2112 maximo
624 2072 687 2111 meo
711 2055 901 2124 incommodo,
930 2055 1043 2111 interim
1069 2072 1135 2110 sero
1164 2074 1219 2113 uon
1248 2056 1331 2111 aliter
1364 2073 1448 2126 quam

303 2144 413 2198 Aeneas
431 2143 504 2198 alter
523 2143 694 2214 Virgilianae
712 2145 789 2199 terra
806 2143 928 2200 iactatus
952 2147 982 2200 et
1000 2144 1067 2200 alto.
1106 2145 1179 2211 Quid
1198 2145 1275 2201 aliud
1294 2147 1448 2215 supererat,

305 2247 391 2302 quam
413 2233 446 2286 ut
468 2235 611 2288 tantorum
635 2233 764 2287 laborum
787 2232 909 2288 fructum
928 2234 958 2288 et
976 2250 1040 2289 eum
1058 2233 1173 2302 quidem
1192 2233 1260 2288 mihi
1279 2233 1449 2304 promissum

304 2319 474 2375 demeterem
493 2321 662 2390 aliqnando?
694 2323 754 2376 tum
773 2322 885 2392 amplae
904 2338 967 2392 spes
986 2321 1054 2377 mihi
1073 2322 1198 2393 perbelle
1218 2323 1383 2393 placebant,
1407 2339 1449 2378 sa·

304 2411 414 2479 trapam
432 2426 477 2464 me
496 2426 558 2465 esse
577 2411 712 2480 putabam
731 2410 854 2479 aliquem
873 2412 902 2465 et
920 2410 997 2466 aurei
1017 2413 1126 2466 montes
1141 2411 1235 2466 animo
1251 2412 1379 2482 concepti
1392 2411 1450 2466 iam

304 2513 348 2551 me
367 2498 570 2568 propemodum
589 2498 710 2554 ferocem
729 2497 917 2554 reddiderant.
946 2498 1001 2554 Sed
1020 2501 1047 2568 (ο
1060 2499 1177 2555 fallaces
1195 2499 1341 2555 hominum
1361 2516 1423 2570 spes
1430 2501 1448 2568 l)

306 2603 368 2642 eam
392 2586 505 2642 cristam
529 2587 599 2642 mihi
617 2587 757 2658 depressit
774 2587 855 2642 unius
875 2587 976 2658 capitis
996 2587 1105 2643 iactura
1123 2589 1152 2644 et
1170 2591 1214 2643 est
1231 2589 1301 2644 haec
1320 2589 1449 2643 lomuuaa

304 2692 361 2731 uon
386 2675 535 2732 mediocris
562 2676 676 2732 invidia.
715 2677 787 2743 Quid
813 2676 848 2733 de
868 2675 968 2732 Carolo
993 2677 1064 2732 mihi
1088 2677 1256 2748 sperandum
1281 2676 1330 2744 sit,
1358 2693 1393 2730 ne
1420 2678 1448 2730 te

304 2765 401 2820 multis
420 2781 520 2834 morer,
540 2765 616 2834 audi,
635 2783 684 2836 per
703 2765 797 2821 Musas
816 2767 845 2820 et
863 2765 976 2820 Gratias
994 2769 1022 2822 te
1041 2783 1099 2821 oro.
1127 2767 1215 2822 Erant
1232 2765 1390 2821 sacerdotis
1407 2763 1451 2819 illi

305 2853 461 2909 minuscula
478 2853 543 2922 duo,
563 2854 609 2924 egi
628 2871 691 2909 cum
710 2870 743 2909 eo
762 2871 813 2924 per
830 2853 954 2923 litteras,
973 2857 1109 2924 quantum
1128 2854 1157 2910 id
1177 2853 1237 2909 lieri
1255 2855 1360 2926 potuit,
1385 2851 1448 2908 dili·

306 2941 426 3014 gentius,
445 2931 573 2998 feceruut
590 2943 653 3010 hoc,
671 2959 716 2996 me
731 2942 816 2997 etiam
831 2942 984 3012 nesciente,
1002 2942 1116 2997 amiculi
1131 2942 1297 3012 complures,
1316 2945 1349 2997 ut
1362 2941 1450 2997 aelati

306 3049 385 3088 meae
408 3031 548 3103 paulatim
570 3030 627 3084 iam
650 3031 855 3102 ingravescenti
879 3032 1050 3101 consuleret,
1078 3033 1143 3102 post
1161 3034 1205 3088 tot
1224 3031 1382 3086 exantlatos
1407 3031 1449 3084 la·

306 3122 403 3191 bores,
426 3124 491 3190 post
509 3123 568 3175 tam
586 3117 752 3190 diligentem
771 3119 825 3176 sibi
842 3120 982 3190 plerisque
1001 3119 1081 3177 aunis
1100 3123 1231 3176 navatam
1251 3136 1379 3190 operam,
1398 3137 1449 3190 par

307 3197 388 3279 esse,
409 3213 443 3264 ut
465 3209 520 3264 iam
545 3209 642 3264 missio
666 3209 736 3264 mihi
755 3209 938 3279 concedatur,
966 3227 1021 3280 quo
1041 3209 1139 3265 liceret
1157 3226 1207 3280 per
1226 3210 1313 3264 otium
1333 3210 1450 3280 posthac

306 3297 405 3354 studiis
423 3299 486 3353 frui.
524 3297 681 3368 Respondit
699 3299 789 3354 illico:
818 3317 847 3354 sc
866 3300 970 3356 babere
985 3299 1054 3368 iam,
1074 3300 1174 3368 quibus
1194 3299 1231 3354 sit
1250 3315 1283 3354 eo
1302 3295 1450 3354 beneficio·

306 3405 367 3442 rum
388 3403 489 3458 genere
508 3388 723 3457 gratificaturus.
744 3387 894 3458 Ogratum
909 3387 1040 3458 discipuli
1059 3391 1168 3457 pectus!
1189 3403 1205 3442 o
1223 3386 1346 3456 dubiam,
1364 3386 1450 3440 irnmo

306 3477 414 3532 nullam
437 3476 531 3548 potius
554 3475 628 3530 inter
650 3476 783 3532 mortales
806 3478 903 3532 fidem!
936 3478 977 3531 ita
999 3476 1103 3530 adsunt
1127 3475 1211 3530 isthic
1236 3476 1375 3544 vultures,
1403 3473 1451 3544 qui

306 3565 404 3621 multis
433 3565 517 3621 etiam
545 3567 610 3620 ante
637 3565 780 3621 mensibus
807 3567 928 3621 cadaver
955 3565 1070 3634 aliquod
1097 3565 1221 3619 futurum
1249 3562 1451 3634 praesentiant.

254 3677 294 3716 sss
307 3655 423 3711 Vtinam
443 3655 498 3708 hoc
512 3653 605 3708 miens
624 3669 657 3708 ac
675 3671 731 3710 non
745 3655 802 3710 mei
815 3655 902 3726 ipsius
917 3654 1045 3724 exemplo
1061 3652 1225 3725 diligentius
1240 3651 1450 3724 praevidissem!

381 3779 461 3846 Quod
489 3797 555 3848 qum
583 3778 689 3834 facturn
707 3796 763 3835 uon
782 3779 832 3848 sit,
855 3778 918 3849 quis
937 3794 981 3832 me
1000 3777 1144 3848 prohibet,
1169 3777 1236 3846 quin
1254 3793 1353 3832 vocem
1370 3775 1449 3830 illam

307 3885 386 3924 serae
404 3867 569 3938 prudentiae
587 3867 730 3938 nimioque
751 3884 815 3924 meo
839 3867 1016 3924 incommodo
1035 3870 1146 3938 emptae
1164 3865 1307 3936 emittam,
1330 3863 1451 3920 seilicet:

307 3975 363 4014 non
386 3957 426 4013 sic
449 3959 587 4028 putaram.
625 3957 802 4027 Dispeream,
830 3955 885 4010 nisi
905 3956 1009 4014 centies
1028 3957 1058 4010 ot
1076 3973 1109 4012 eo
1128 3955 1247 4026 amplius
1266 3953 1337 4009 illud
1355 3953 1452 4010 hebrei

309 4049 410 4118 poetae
430 4047 594 4104 vaticinimn
612 4063 722 4102 mecum
741 4045 844 4100 tacitus
862 4045 923 4114 ipse
937 4043 1228 4111 submurmuraverim,
1248 4059 1303 4112 quc
1317 4040 1391 4096 serio
1405 4039 1453 4094 ad·

308 4138 415 4205 mouet,
442 4152 478 4190 ue
501 4134 674 4206 principibus
698 4151 731 4189 ac
753 4133 897 4188 hominum
922 4131 987 4188 filiis
1006 4134 1190 4203 confidamus,
1215 4132 1245 4188 in
1263 4129 1364 4200 quibus
1381 4129 1453 4186 nihil

309 4227 352 4279 cst
369 4227 428 4278 tam
446 4224 570 4293 firmum,
598 4226 657 4278 tam
676 4221 777 4278 stabile
799 4225 914 4289 tamque
933 4223 1050 4290 durans,
1069 4222 1144 4292 quod
1161 4239 1218 4276 non
1238 4219 1275 4275 sit
1293 4218 1453 4289 aliquando,

309 4316 338 4367 et
355 4312 386 4367 id
404 4313 517 4383 quidem
534 4313 622 4384 brevi,
641 4312 671 4368 iu
688 4312 775 4366 tantis
788 4310 956 4366 felicitatum
971 4311 1086 4367 somniis
1101 4311 1311 4380 emigraturum.
1334 4309 1452 4364 Ioannes

308 4399 489 4468 Renchliuus,
508 4401 552 4456 vir
570 4402 607 4456 ob
625 4399 711 4456 trium
724 4397 884 4470 linguarum
898 4399 1030 4469 peritiam
1044 4398 1256 4454 immortalitate
1271 4398 1381 4468 dignus,
1399 4397 1453 4452 hcc

309 4489 436 4562 proximo
460 4489 517 4542 iam
540 4505 635 4545 mense
657 4488 746 4544 sitam
770 4505 833 4542 cum
851 4492 941 4542 morte
960 4487 1079 4544 feliciter
1099 4485 1290 4542 commutavit.
1327 4485 1359 4542 ld
1378 4487 1453 4555 quod
