3332 5074
300 377 366 442 486
592 391 853 439 raonsuounsa
877 391 924 437 nn
950 390 1159 438 armoricus

301 536 414 619 voluit,
437 535 599 598 intensam
623 537 792 618 praestare
812 533 1004 598 obscuratae
1024 532 1211 618 apparet*):
1234 535 1304 619 pari
1323 535 1448 600 ratione

303 648 400 728 atque
429 667 456 708 v.
480 644 500 706 2
524 664 591 706 non
614 644 710 720 sirum
733 641 822 723 qrm'm
849 641 1040 721 foradinem
1064 640 1247 723 collocavit,
1270 641 1326 706 sed
1352 642 1450 723 fircera
1530 683 1535 694 ·

187 778 289 818 ccnvn
302 751 369 831 fo're
394 771 483 832 qaam
510 749 624 826 dicatu,
652 747 785 812 tametsi
816 747 888 831 ipsa
909 746 976 828 sors
998 768 1077 812 voce
1101 747 1140 810 ad
1164 748 1358 812 sententiam
1382 749 1449 833 qui·

301 859 372 921 dem
403 855 498 920 facile
528 875 705 919 careamus.
751 851 827 920 Non
858 854 990 939 gravior
1018 855 1093 918 dare
1124 852 1216 918 notio
1249 858 1300 918 est
1332 855 1365 918 in
1398 855 1449 920 his

301 965 427 1028 ecclsiam
454 965 520 1028 iam
547 965 622 1028 darc
645 964 740 1046 astu
765 983 793 1026 v.
817 961 898 1026 325:
927 983 1030 1045 neque
1059 961 1144 1025 enim
1172 962 1223 1026 rel
1252 961 1375 1026 dandae
1399 983 1451 1026 ne

302 1069 489 1154 gandaeque
523 1069 573 1131 vel
607 1067 766 1151 petendae
798 1067 986 1151 dandaeque
1027 1067 1190 1150 oppositio
1228 1068 1266 1131 fit
1302 1068 1381 1132 ulla:
1419 1073 1451 1132 ct

303 1179 411 1239 tarncn
435 1181 492 1240 aut
514 1177 638 1240 ucnwru
661 1175 736 1239 dcirc
757 1175 822 1238 iam
853 1177 910 1238 ant
932 1174 1007 1238 drirc
1029 1175 1094 1238 ram
1116 1175 1297 1259 unciam**)
1321 1178 1449 1259 poetam

303 1282 456 1347 maluisse
479 1283 542 1366 ipsi
565 1282 690 1346 codices
713 1280 809 1344 fidem
834 1280 958 1346 i'aciunt
976 1279 1008 1344 A
1032 1284 1064 1344 et
1086 1280 1124 1345 B.
1150 1279 1305 1346 Similiter
1328 1305 1358 1347 v.
1377 1283 1451 1363 898,

303 1390 431 1454 etiamsi
462 1411 528 1454 non
558 1389 695 1454 vitiosus
727 1391 813 1453 esset
843 1387 1017 1472 spondeus,
1049 1391 1158 1450 tamen
1189 1388 1356 1452 ferendum
1386 1411 1451 1454 non

304 1500 389 1561 esset
415 1485 470 1560 scio
498 1495 596 1578 aaran}
625 1497 699 1559 darc
729 1496 892 1576 aaronis
925 1516 984 1578 pro
1015 1493 1090 1558 ddrc
1121 1513 1176 1558 sao
1210 1494 1305 1577 parcito
1337 1499 1447 1578 epistu-

304 1600 451 1688 lum.***)
488 1601 653 1685 Imprimis
674 1605 777 1685 aptae,
801 1601 918 1686 quibus
942 1601 1037 1665 huius
1058 1600 1283 1665 concinnitatis
1304 1602 1447 1668 studium

304 1711 435 1792 eniteat,
458 1710 540 1774 tales
564 1708 744 1773 locutiones
769 1713 846 1771 sunt
869 1729 950 1792 quae
970 1731 1029 1772 usu
1049 1708 1208 1773 sermonis
1227 1708 1451 1792 frequentatae

305 1821 492 1882 constanter
511 1819 660 1882 accentus
681 1818 822 1897 servant,
845 1817 882 1877 ut
905 1815 1029 1896 ‹r'pcram
1051 1814 1126 1878 deire
1149 1815 1200 1878 vel
1224 1816 1298 1880 duero
1320 1838 1452 1900 operam,

305 1927 386 1989 item
410 1925 486 2006 όμιε
508 1929 559 1988 cst.
594 1921 687 1987 Vnde
707 1922 928 2006 duplicitcr'in
950 1924 1054 1984 artem
1075 1926 1211 2004 peccant
1230 1922 1306 1987 libri
1327 1945 1355 1986 v.
1374 1923 1452 1988 583:

305 2032 355 2096 De
377 2033 443 2096 aare
465 2036 500 2094 ut
526 2031 631 2094 uideat
658 2031 736 2111 quid
762 2050 839 2111 ques
860 2033 901 2094 sit
926 2031 1025 2110 (iactu
1055 2007 1078 2096 1'
1099 2030 1195 2107 morlo,
1219 2052 1291 2094 curn
1316 2029 1355 2094 ad
1378 2051 1454 2114 quis

305 2144 344 2204 et
365 2141 448 2222 facto
471 2139 540 2204 sine
564 2137 632 2202 ulla
654 2138 849 2202 necessitate
872 2137 1025 2220 depressa
1048 2137 1179 2202 accedat
1203 2140 1331 2220 praeter
1354 2139 1454 2202 ratio-

306 2269 380 2311 nem
404 2247 569 2310 intensum
591 2246 644 2310 sil:
674 2245 823 2328 quocirca
852 2244 938 2308 haud
963 2249 1155 2309 cunctanter
1177 2245 1453 2328 transponendum

305 2351 369 2416 fuit
391 2352 569 2435 quodfacto
592 2351 667 2433 cpias
690 2353 743 2414 sit:
772 2372 848 2414 nam
877 2350 1046 2414 minimam
1075 2371 1113 2414 ex
1142 2350 1206 2414 illis
1231 2351 1364 2416 vocibus
1389 2375 1455 2416 om-

306 2459 401 2524 nibus
425 2459 491 2523 vim
519 2457 619 2522 habet
645 2457 735 2537 facto.
782 2456 963 2522 Fatendum
986 2461 1036 2521 est
1059 2460 1170 2522 tamen
1193 2459 1352 2542 quaedam
1376 2481 1454 2522 sane

307 2567 388 2632 adeo
412 2565 488 2630 exili
511 2565 645 2629 notione
670 2585 754 2647 esse,
781 2569 818 2628 ut
846 2587 886 2628 ne
909 2587 982 2628 cum
1007 2587 1133 2629 summa
1156 2565 1344 2629 intendendi
1369 2588 1455 2629 com·

308 2674 465 2738 moditate
489 2670 618 2756 quidem
642 2672 848 2736 coniunctam
873 2675 1025 2736 accentus
1046 2673 1274 2736 necessitatem
1297 2672 1454 2736 habeant:

308 2804 371 2866 quo
396 2779 507 2844 multis
531 2780 564 2842 in
589 2779 668 2842 locis
692 2779 806 2841 leviter
835 2778 946 2842 addita
973 2801 1032 2862 epo,
1061 2781 1150 2862 arilei,
1180 2780 1235 2842 tibi
1263 2780 1456 2863 pronomina

308 2888 481 2972 pertinent.
527 2885 627 2950 Velut
651 2884 733 2948 nihil
758 2889 808 2948 cst
832 2885 917 2968 quod
941 2885 981 2948 ad
1005 2883 1177 2968 positionis
1202 2885 1397 2970 elegantiam
1421 2888 1455 2951 in

309 2995 359 3060 his
387 2993 587 3059 desideretur
615 3015 642 3055 r.
667 2993 740 3056 874.
764 2991 843 3055 995:
870 2993 925 3072 qui
952 2991 1009 3056 luis
1034 2991 1114 3054 milti
1140 2993 1223 3055 ‹lc'dit
1249 2994 1395 3074 epistulas
1423 2998 1457 3056 et

308 3105 363 3185 qul
394 3101 472 3166 milei
502 3101 559 3164 tris
588 3101 730 3164 numanis
760 3101 854 3162 dcclii:
887 3099 1095 3182 quantumvis
1129 3099 1218 3163 facili
1251 3121 1350 3182 opera
1383 3121 1456 3164 cum

309 3207 498 3274 Hermanno
529 3211 724 3288 transponas
754 3205 812 3270 iras
841 3205 920 3268 milri
949 3207 1003 3287 qui
1031 3207 1114 3270 dedit
1142 3207 1288 3288 epistites
1317 3210 1350 3269 et
1381 3205 1458 3270 ruiti

309 3318 364 3398 qui
392 3318 448 3379 tris
475 3313 617 3378 nurrrruo's
643 3314 733 3377 dedit.
762 3349 797 3358 -
825 3309 977 3376 Ceterum
1006 3313 1038 3377 in
1068 3313 1140 3378 aliis
1172 3335 1267 3396 saepe
1290 3313 1457 3377 lenissimo

311 3423 449 3486 artificio
473 3420 554 3486 illud
579 3420 719 3484 efficitur
742 3424 778 3483 ut
802 3441 819 3483 e
844 3419 929 3484 thesi
952 3420 985 3483 in
1010 3420 1109 3484 araim
1128 3421 1343 3484 transferatur
1362 3443 1454 3484 voca·

310 3529 430 3592 bulum.
475 3527 575 3592 Velut
603 3530 635 3591 et
663 3527 758 3590 barrus
786 3531 819 3590 et
847 3547 945 3610 secus,
973 3549 1169 3611 quamquam
1198 3528 1349 3610 opposita
1372 3527 1459 3591 inter

312 3657 355 3718 se,
379 3634 572 3698 delitescunt
596 3635 628 3698 in
652 3633 816 3698 tralaticia
840 3634 944 3717 specie
968 3655 1079 3698 versus
1106 3634 1204 3698 1064:
1229 3633 1268 3698 Si
1289 3641 1385 3698 boreus
1406 3637 1458 3710 est,

311 3742 459 3806 aurarius
485 3762 567 3824 atur,
599 3745 650 3804 sla
671 3761 755 3806 secus
777 3745 833 3824 est,
861 3741 979 3820 faciam
1007 3742 1041 3804 u'l
1063 3761 1178 3805 cuorus:
1210 3740 1321 3805 eadem
1346 3740 1458 3804 statim

181 3877 298 3917 eenvrrr
313 3852 496 3934 emergunt,
529 3849 583 3912 ubi
612 3849 791 3933 scripturae
819 3848 1034 3912 variationem
1066 3848 1112 3912 eis
1142 3847 1326 3913 adhibueris
1356 3847 1458 3930 ipsius

313 3953 520 4037 antiquitatis
549 3955 780 4019 consuetudine
813 3954 995 4038 flagitatam
1023 3957 1053 4017 si
1079 3955 1187 4018 borsrisl
1213 3959 1246 4017 et
1273 3957 1323 4020 siu
1350 3955 1458 4019 socrat:

314 4085 377 4144 quo
400 4061 489 4126 facto
514 4061 617 4125 solum
641 4063 674 4124 in
699 4061 785 4125 thesi
808 4065 935 4125 restans
957 4061 1075 4140 faciam
1097 4081 1162 4125 non
1186 4063 1331 4144 postulat
1355 4062 1459 4126 inten-

402 4237 427 4302 *l
448 4237 528 4306 [‘Pro
547 4252 603 4291 nno
621 4235 757 4290 vocabulo
776 4239 820 4290 est
833 4253 920 4305 prope
939 4252 979 4290 me
998 4253 1074 4290 more
1093 4235 1229 4305 antiquo?
1252 4236 1354 4308 Trin.¹]

384 4323 425 4392 **)
446 4325 489 4394 [ln
508 4323 550 4380 ed.
569 4324 618 4379 alt
637 4325 710 4378 hanc
734 4321 837 4377 codicis
856 4323 883 4376 A
903 4323 1070 4393 scripturam
1088 4325 1135 4379 vix
1153 4326 1230 4379 recte
1250 4343 1279 4380 se
1297 4324 1340 4380 illi
1360 4326 1458 4395 aequi-

314 4428 425 4480 perasse
444 4413 613 4468 Ritschelius
633 4411 725 4482 vidit]

385 4499 441 4568 ***)
461 4501 587 4570 l‘parnm
610 4500 699 4569 perite
723 4500 856 4555 reiectum
875 4519 893 4555 a
911 4501 1045 4556 Muellcro
1069 4502 1103 4556 de
1122 4519 1195 4572 pros.
1215 4520 1242 4572 p.
1262 4503 1334 4558 213!
1356 4501 1458 4574 rrius]
