3332 5074
537 431 799 482 annunsrrours
823 431 1033 482 enrvrrnsn.
1292 417 1356 480 457

211 573 368 657 habeant,
395 595 460 658 qna
489 577 656 658 tamquam
685 575 718 640 in
743 575 1021 659 quadrisyllabam
1045 597 1157 640 vocem
1180 576 1356 660 nillilriplas,

210 681 243 745 in
268 679 472 764 trisyllabum
495 682 659 768 mrdtipost
680 681 852 767 coirent.*)
880 681 1013 758 ,Qualis
1040 681 1168 748 enolisis
1193 705 1265 748 cum
1290 706 1357 748 oer-

210 787 371 852 tissimam
396 787 505 852 sedern
528 787 563 852 in
589 787 826 873 bisyllabarum
850 789 1127 872 praepositionum
1151 812 1225 854 cum
1248 812 1358 856 mono·

211 893 349 978 syllabis
386 893 634 980 pronominibus
676 895 879 978 copulatione
911 895 1045 979 habeat,
1078 899 1114 968 ot
1144 897 1271 979 proper
1302 918 1358 974 me,

204 1002 331 1083 practer
359 1005 398 1079 ie,
425 1001 507 1065 iaici
532 1021 577 1080 se,
603 1001 677 1084 erpri
702 1023 751 1067 mc
778 1001 868 1088 (nam
896 1002 930 1067 in
952 1002 1093 1067 iambica
1116 1003 1358 1087 praepositione

213 1108 300 1190 aprici
320 1129 376 1174 uos
392 1109 484 1173 nulla
506 1108 637 1173 omnino
662 1108 796 1173 offensio
821 1108 894 1196 est),
917 1110 1026 1195 qualia
1049 1132 1089 1174 ne
1113 1101 1271 1176 secundus
1290 1109 1358 1195 qni·

211 1215 284 1279 dem
303 1236 360 1300 pes
380 1215 530 1280 exclusit:
548 1215 658 1302 potuit
677 1215 709 1280 id
726 1214 855 1302 quidem
874 1215 1029 1281 facillime
1048 1215 1088 1280 ad
1108 1215 1229 1282 similia
1248 1239 1359 1283 mono-

212 1321 340 1408 syllaba
362 1322 522 1406 pertinere
545 1326 581 1386 ut
603 1320 692 1388 Trin.
720 1323 782 1389 186
805 1323 945 1389 Haecine
965 1323 1093 1406 propter
1115 1344 1185 1402 res,
1214 1324 1358 1390 sednon

215 1429 341 1494 videtur
370 1451 389 1493 a
416 1429 712 1513 praepositionibus
741 1430 782 1494 ad
810 1431 910 1496 verba
938 1432 1132 1496 translatum
1161 1453 1231 1495 esre
1261 1436 1298 1495 ut
1325 1431 1359 1496 in

212 1533 456 1600 Hermunniano
469 1536 527 1601 illc
543 1537 628 1622 quod
642 1537 751 1622 paullo
767 1541 842 1604 ants
857 1538 1117 1603 memorabamus
1131 1537 1230 1604 mmai
1247 1535 1358 1624 rrec.**)

212 1641 297 1706 Aliis
320 1642 354 1707 in
378 1643 458 1708 locis
482 1643 648 1728 spondiaci
672 1644 823 1709 vocabuli
846 1644 880 1709 in
904 1644 1009 1710 altero
1033 1643 1113 1728 pede
1137 1644 1289 1710 molestia
1312 1645 1358 1708 in·

212 1749 436 1832 terpunctione
459 1749 589 1834 lenitur,
613 1755 648 1815 ut
671 1749 762 1833 Oapt
787 1750 811 1838 I,
835 1753 865 1836 2,
888 1753 924 1816 9:

303 1890 389 1958 Sabis
417 1895 475 1958 e‘st
506 1892 678 1975 numquam
707 1897 782 1977 post
808 1892 903 1959 illam
936 1894 1095 1979 [postilla]
1129 1893 1236 1978 possis
1266 1897 1360 1978 pren·

853 2001 941 2065 dere:

214 2141 361 2226 quamvis
381 2141 428 2207 ibi
451 2147 606 2227 prompta
627 2141 843 2226 transpositio
861 2147 933 2226 posi
956 2143 1043 2208 illam
1065 2163 1245 2225 utinquam.
1277 2141 1360 2207 Tam

214 2249 364 2334 angustis
397 2253 506 2314 autem
544 2249 663 2314 finibus
696 2270 768 2313 cum
802 2250 852 2314 vel
885 2249 949 2314 hoc
980 2271 1082 2336 genus
1115 2249 1276 2314 inclusum
1309 2249 1360 2332 sit,

214 2355 316 2420 multo
336 2355 442 2420 minus
466 2357 516 2420 vel
540 2356 652 2420 binas
676 2355 899 2440 anapaesticus
923 2377 1017 2421 voces
1042 2355 1092 2420 vel
1117 2355 1359 2438 anapaesticam

215 2485 287 2526 cnm
316 2463 491 2547 spondiaco
519 2463 699 2528 iambicave
728 2485 780 2527 ers
809 2463 962 2546 probavit
989 2464 1023 2529 in
1051 2461 1211 2547 principio
1239 2481 1360 2526 versus.

214 2569 258 2634 Et
280 2569 450 2636 verissimo
472 2569 575 2656 igitur
598 2574 632 2634 et
655 2569 871 2635 subtilissimo
894 2591 990 2634 sensu
1014 2570 1098 2634 idem
1121 2568 1177 2633 ille
1201 2567 1359 2633 Herman-

217 2698 277 2740 nus
301 2697 374 2742 eum
398 2675 517 2742 Bacch.
540 2699 569 2743 v.
596 2677 657 2742 119
682 2676 775 2759 [149]
800 2676 979 2740 damnavit:

310 2819 404 2884 Video
424 2820 524 2884 cimici
544 2819 611 2884 iam
634 2820 738 2885 multo
761 2819 836 2904 plus
860 2842 956 2904 quam
979 2820 1155 2904 silueram,
1374 2853 1494 2896 cumn

215 2960 270 3024 ubi
305 2960 400 3026 Video
431 2963 497 3026 com
528 2963 626 3027 nimio
659 2960 1028 3047 transponendum***),
1060 2967 1130 3026 tum
1163 2961 1360 3045 asperiorem

216 3090 244 3132 v.
272 3067 334 3132 192
358 3068 468 3152 [224]:

311 3210 423 3274 Venisti
443 3212 569 3293 quando
590 3213 669 3292 uolt,
687 3209 788 3296 ‘alque
812 3211 858 3275 ita
881 3233 921 3274 ne
944 3209 1023 3273 mihi
1047 3208 1091 3274 sit
1115 3232 1233 3295 morae,

306 3439 332 3509 ‘)
352 3439 406 3510 [Cf.
425 3439 461 3496 ud
480 3439 582 3496 Bacch.
599 3458 623 3496 r.
639 3446 700 3509 852,
719 3439 767 3494 ubi
785 3441 858 3496 hanc
876 3439 1056 3509 suspitionem
1077 3440 1212 3510 exemplis
1230 3443 1260 3496 et
1278 3442 1361 3496 certis

218 3543 269 3583 neo
286 3528 384 3597 paucis
403 3529 560 3584 confirmari
578 3528 749 3585 Ritschelins
768 3527 936 3600 annotavit]

290 3617 331 3686 **)
354 3617 414 3674 Nec
437 3617 526 3674 ascita
548 3617 645 3674 enclisi
669 3617 782 3674 delendi
805 3618 866 3687 hic,
885 3617 997 3687 qualem
1016 3616 1081 3672 libri
1099 3619 1252 3688 testantur,
1271 3621 1361 3690 septe·

216 3706 310 3760 narius
328 3706 434 3776 poterit
451 3706 527 3762 Trin.
548 3714 612 3762 913:

325 3813 396 3869 Vide
414 3815 498 3869 homo
517 3816 550 3868 ut
567 3813 709 3870 hominem
727 3813 848 3870 nonoris.
877 3815 1027 3884 Tamquam
1041 3832 1093 3870 me:
1112 3814 1173 3870 fieri
1190 3815 1263 3872 istrie
1281 3815 1361 3870 solet

217 3923 247 3976 ln
267 3939 322 3991 qno
340 3923 370 3976 et
391 3921 460 3976 setis
482 3921 606 3978 insolens
628 3939 644 3976 o
669 3919 762 3992 priore
780 3920 809 3976 in
828 3921 1011 3991 posteriorem
1031 3938 1125 3977 versus
1145 3923 1254 3991 partem
1273 3924 1361 3976 trans·

217 4011 272 4066 itus
301 4011 334 4065 fit
362 4010 514 4082 spondiaco
544 4010 681 4065 vocabulo
707 4026 851 4065 caesuram
876 4007 1051 4077 excludenti,
1076 4012 1105 4064 et
1129 4010 1211 4064 tanta
1235 4008 1276 4062 vie
1302 4025 1361 4064 sen·

216 4099 322 4154 tentiae
349 4103 394 4154 est
421 4099 449 4154 in
477 4117 518 4154 nce
539 4099 715 4170 pronomine¹
743 4098 772 4152 id
801 4101 834 4153 ut
857 4098 1017 4154 encliticam
1041 4113 1099 4152 esse
1124 4095 1239 4152 minime
1265 4095 1362 4164 possit.

218 4189 309 4253 Quare
334 4189 495 4243 Hermanno
519 4187 768 4257 obtemperandum
791 4187 852 4242 luit.
890 4186 935 4258 [ln
958 4187 1001 4241 ed.
1021 4185 1068 4240 alt
1093 4185 1127 4240 de
1151 4186 1204 4239 hoc
1227 4201 1308 4239 varen
1332 4201 1361 4239 se

217 4293 273 4332 non
290 4278 367 4333 recte
385 4275 589 4332 existimarim
615 4275 684 4330 dicit
702 4275 886 4344 ltitsohelius‚
910 4293 974 4330 cnm
992 4293 1049 4330 non
1068 4273 1236 4346 cogitaverit
1252 4273 1287 4329 de
1306 4279 1362 4330 lom

217 4382 300 4434 qaam
319 4365 467 4420 diiunctim
485 4365 660 4437 scribendis]

275 4453 337 4523 ***)
361 4454 477 4525 [Postea
499 4457 590 4510 toturn
614 4470 723 4508 versum
749 4453 1009 4523 interpretationem
1038 4451 1209 4520 insequentis
1236 4468 1296 4508 ease
1321 4453 1361 4508 in·

218 4542 329 4598 tellexit
347 4542 537 4612 ltitsobeliue.]
