3316 5070
438 386 512 434 nnn
537 387 598 433 mn
621 384 806 437 unmzrcnn
830 383 1157 434 rnrurussrumen.
1333 369 1374 432 87

223 527 312 582 verba
329 526 401 582 haec
419 526 523 596 posuit,
541 541 614 594 quae
633 524 818 582 adscribenda
836 524 1005 594 existimavi,
1023 528 1054 580 ut
1074 543 1091 582 o
1110 524 1202 582 Gellio
1222 527 1265 581 est
1283 526 1377 582 obser·

226 617 333 671 vetum.

294 705 433 760 Feruntur
461 705 512 759 sub
535 703 630 760 Plauti
653 703 765 758 nomine
790 703 953 760 comoediae
978 703 1089 758 circiter
1113 703 1133 758 (l
1154 707 1183 760 ιι
1201 703 1286 760 XXX.
1321 703 1376 759 Sed

224 795 310 850 homo
329 793 537 849 eruditissimus
555 792 669 848 Laelius
688 792 765 846 XXV
787 792 936 848 dumtaxat
957 791 1035 846 illius
1058 807 1119 847 esse
1142 792 1262 860 censuit3
1287 809 1378 864 neque

222 883 339 938 dubium
357 885 408 952 ιιι,
428 881 497 952 qnin
514 882 570 937 ista
589 881 684 949 etiam,
704 897 775 950 quse
795 896 812 935 a
830 879 933 938 Plauto
952 881 1059 962 scripta
1076 896 1133 936 non
1152 883 1227 951 sunt,
1245 886 1373 938 veterum

222 974 370 1042 poetarum
389 971 507 1027 inerint:
526 973 559 1026 ut
577 971 614 1026 M.
631 969 716 1038 dccii,
736 969 765 1026 O.
779 969 886 1026 Plautii
903 987 921 1025 a
940 987 995 1040 quo
1015 969 1109 1025 dictae
1128 973 1194 1026 eunt
1208 971 1373 1028 Plautieuac

221 1059 345 1129 fabulae,
363 1077 420 1118 non
438 1060 597 1116 Plautinae.
690 1124 695 1134 Ι
1090 1073 1091 1078 ’

294 1148 425 1205 Ceterum
444 1166 508 1206 cum
522 1149 599 1204 XXV
618 1165 636 1204 a
654 1149 795 1206 veteribus
810 1152 1044 1205 connumerentur
1058 1149 1094 1206 M.
1109 1149 1203 1205 Plauti
1219 1149 1373 1219 comediam,

221 1238 366 1294 sciendum
390 1240 446 1307 ιιι,
469 1241 564 1310 preter
587 1237 652 1292 illae
669 1238 721 1293 XX
744 1241 827 1310 (quoe
851 1255 869 1293 ι
891 1240 994 1294 nostris
1018 1239 1211 1310 grammaticis
1234 1255 1371 1296 consensu

221 1327 346 1383 omnium
374 1343 425 1398 pro
458 1326 597 1382 Plautinis
629 1327 779 1396 habentur)
811 1327 863 1382 trie
891 1345 909 1383 e
936 1327 1027 1384 Gellio
1062 1327 1213 1384 neminen:
1246 1319 1306 1384 hoc
1330 1331 1374 1384 ιιι

222 1417 385 1485 Boethium,
409 1417 620 1484 Nervulariam,
643 1417 764 1473 Pratum.
803 1417 892 1473 Varro
911 1420 940 1473 et
958 1417 1020 1474 Sex.
1039 1417 1189 1488 Pompeius
1207 1417 1279 1473 aliae
1297 1435 1371 1476 com-

221 1505 314 1576 plures
333 1509 508 1577 nuncupant:
527 1509 560 1562 ut
577 1507 768 1576 Artemonem,
787 1505 982 1576 Frivoleriam‚
1001 1507 1176 1578 Phegonem,
1196 1507 1368 1563 Cestrionem

221 1597 308 1665 atque
327 1597 491 1664 detraham,
515 1611 617 1665 easque
641 1595 715 1650 inter
734 1594 881 1652 Plautinas
904 1596 1035 1653 referunt.
1075 1597 1114 1652 De
1133 1596 1256 1651 Astraba
1274 1598 1370 1652 tamen

221 1683 330 1740 Gallim
345 1687 374 1740 et
387 1685 494 1740 Nonius
513 1683 686 1741 dubitarunt.
712 1684 740 1738 ln
759 1684 862 1740 tabulis
877 1685 934 1740 suis
953 1685 1125 1740 secutuseet
1142 1701 1259 1754 graecos
1274 1687 1370 1740 aucto-

219 1789 278 1840 res,
301 1773 422 1830 maxime
444 1773 658 1844 Demophilum,
682 1773 876 1830 Philemonem
899 1777 928 1829 et
951 1773 1152 1844 Epicharmum
1177 1773 1315 1841 Siculum,
1340 1777 1372 1828 ut

219 1861 353 1917 Horatius
377 1863 493 1918 Pleccus
518 1864 654 1931 tentatur,
684 1864 850 1932 tentumque
877 1863 1017 1918 scribendi
1043 1861 1186 1933 elegantia
1211 1865 1241 1918 et
1265 1863 1370 1918 salibus

136 2001 139 2008 .
218 1951 296 2006 visua
319 1954 363 2006 est
389 1952 574 2022 praestitisse,
603 1955 636 2006 nt
657 1952 785 2022 Epistola
813 1952 952 2008 affirmare
980 1969 1037 2008 uon
1060 1950 1245 2020 dubitaverit,
1273 1952 1368 2008 Musas

217 2039 295 2110 ipsas
309 2035 441 2096 Plautino
456 2057 584 2096 sermone
601 2039 688 2096 luisse
706 2041 855 2110 locuturas,
874 2042 899 2096 si
917 2041 1003 2098 latine
1017 2040 1096 2110 loqui
1110 2039 1273 2110 voluissent,
1293 2041 1369 2111 quod

218 2146 237 2184 e
250 2129 339 2185 Fabio
355 2129 528 2196 Quintiliano
542 2131 668 2186 retertur.
703 2131 841 2197 Quocirca
858 2129 965 2185 Gallim
985 2145 1083 2184 censor
1101 2129 1224 2200 optimus
1242 2128 1368 2185 omnium

218 2218 387 2288 scriptorum
410 2219 537 2288 appellet
559 2219 678 2274 eundem
697 2217 829 2274 Plautum
852 2219 998 2288 parentem
1017 2234 1050 2272 ac
1068 2218 1224 2289 principem
1242 2218 1272 2274 iu
1291 2219 1367 2274 omui

217 2307 309 2362 latina
326 2305 476 2376 elegantia.
509 2304 657 2362 Vulcatius
672 2305 814 2378 Sedigitus
828 2323 892 2362 cum
911 2305 946 2361 de
964 2305 1061 2361 ordine
1080 2305 1251 2362 comicorum
1269 2307 1367 2364 scribit

217 2397 284 2467 poet
303 2395 437 2451 cecilium
457 2395 609 2450 collocavit
616 2396 748 2451 Plautum
762 2396 936 2465 caeterisque
951 2393 1079 2451 omnibus
1094 2395 1236 2464 praetulit.
1255 2395 1365 2452 Nomen

217 2483 316 2539 Pleuti
334 2484 485 2540 deductum
504 2485 548 2540 est
566 2501 584 2539 ι
606 2483 727 2555 planicie
750 2483 853 2554 pedum
872 2486 915 2553 (ut
931 2486 976 2539 est
994 2485 1091 2538 auctor
1111 2483 1173 2538 Sem
1191 2484 1366 2556 Pompeius):

216 2573 295 2644 prius
324 2572 398 2628 enim
421 2573 458 2628 M.
481 2572 581 2628 Plotue
608 2572 761 2628 dicebatur.
803 2573 875 2628 Hinc
899 2572 1060 2642 semiplotia
1082 2573 1268 2630 calciamenta
1290 2574 1368 2630 dicte

216 2665 296 2731 eunt,
320 2661 421 2732 quibus
444 2662 474 2718 in
492 2661 689 2719 venationibus
710 2664 862 2718 uterentur.
901 2661 1012 2718 Obiisse
1030 2661 1150 2717 traditur
1167 2661 1265 2732 paucis
1284 2664 1365 2719 aunis

215 2753 285 2824 post
299 2753 331 2818 Q.
346 2751 468 2807 Ennium
486 2751 645 2822 olympiade
664 2751 819 2807 centesima
832 2751 916 2806 XLV.
954 2752 1095 2817 Quantum
1113 2749 1240 2806 iacturae
1257 2751 1364 2808 factum

215 2840 307 2896 sitin
330 2839 390 2896 eius
419 2841 512 2910 obitu,
538 2841 657 2897 testatus
681 2842 726 2895 est
745 2840 821 2895 idem
844 2842 934 2898 Poeta
961 2839 1006 2894 hie
1030 2837 1155 2894 versibus
1178 2838 1213 2894 de
1237 2856 1267 2895 se
1290 2857 1364 2930 coms

218 2931 333 3001 positis:

428 3020 583 3088 Postquam
602 3021 646 3075 ιιι
664 3021 754 3074 morte
772 3020 872 3089 captus
890 3017 1017 3086 Plautus,

428 3107 562 3164 comedia
580 3107 668 3180 luget,
687 3123 789 3164 eccene
807 3107 851 3162 eet
869 3107 989 3174 deserta,

430 3195 538 3252 Deinde
556 3196 638 3268 meus,
656 3195 748 3267 ludus,
765 3195 899 3266 iocusque
917 3197 948 3249 ιι
964 3194 1074 3250 numeri

427 3284 568 3340 Innumeri
586 3284 670 3341 simul
689 3301 785 3342 omnes
804 3285 1070 3354 collachrymanmt.

281 3571 322 3637 ΙΙ.
360 3571 426 3638 Der
450 3572 584 3659 Aufeng
607 3575 664 3638 der
686 3572 940 3657 Interpretution
963 3571 1018 3637 des
1042 3571 1288 3637 Plautinisohen

564 3681 720 3764 Epidicus
744 3679 845 3744 durch
869 3678 1008 3743 Wcrler.

210 3839 281 3906 (dus
300 3838 355 3894 den
373 3837 433 3893 drei
450 3837 698 3910 gleichleutenden
716 3835 986 3892 handschristlichcn
999 3835 1093 3892 Noton
1113 3835 1161 3891 des
1175 3835 1355 3904 hunericum,

210 3926 337 3984 Gothecr
355 3927 413 3983 und
427 3925 663 3984 Wolienbiitteler
681 3925 845 3996 Exemplers
863 3941 920 3981 von
934 3925 1065 3981 Werler’s
1080 3923 1358 3996 Epidicus-Ausgabe

574 4037 577 4042 ·
708 4033 764 4073 von
783 4018 862 4087 1513)

282 4141 373 4198 Huius
395 4141 508 4201 fabulae
530 4141 742 4199 interlocutores
765 4141 841 4196 sunt:
867 4143 892 4208 1)
911 4139 1081 4211 Periphanes
1104 4137 1153 4208 qui
1171 4137 1359 4194 introducitur

209 4229 425 4300 patrisfamilias
443 4229 595 4300 imaginem
614 4229 745 4298 referem,
763 4230 861 4299 utpote
879 4227 931 4282 filii
953 4227 1025 4284 vitia
1047 4227 1225 4296 vitabundus,
1243 4227 1357 4283 honoris

211 4321 243 4374 ιι
260 4317 417 4376 modestice
434 4319 537 4376 custos.
569 4318 670 4375 Latine
687 4320 782 4374 autem
800 4315 981 4387 interpretari
999 4317 1093 4386 potest
1112 4315 1357 4386 ‘circumquaque

210 4407 401 4477 compienne,
423 4411 486 4477 περι
508 4408 526 4465 i.
550 4424 574 4464 e.
598 4407 702 4464 circum
725 4409 755 4463 ιι
777 4407 869 4476 putrui
893 4405 911 4460 i
931 4421 955 4459 c.
975 4405 1070 4471 lucem
1093 4406 1121 4472 2)
1145 4403 1355 4474 Stratophocles

210 4479 449 4566 mireminmeo
466 4496 608 4568 nequitiae
628 4498 828 4554 commessator
850 4497 929 4550 ιι-
950 4495 982 4548 ut
998 4493 1100 4549 nature
1117 4491 1240 4548 militum
1259 4496 1303 4549 est
1321 4524 1354 4534 -—
