3338 5072
548 390 814 440 ιιιιιιιιιοιιιι
838 390 1044 440 curvemus.
1310 375 1374 440 367

229 533 355 600 diacis
373 533 612 619 persequendis.
650 535 698 601 Ac
717 535 871 601 metricae
889 534 1164 620 prosodiacaeque
1183 533 1262 600 artis
1281 534 1376 600 Plau·

228 641 318 706 tinae
345 641 516 707 universae
544 664 641 727 quam
670 647 703 708 et
731 642 832 709 debeo
860 641 1035 708 lectoribus
1063 645 1097 706 et
1120 640 1240 706 dudum
1263 641 1376 726 parari

228 749 349 814 iustam
373 749 567 834 plenamque
592 750 845 835 enarrationem,
873 752 944 814 tum
967 749 1058 814 edam
1083 769 1156 814 cum
1180 748 1306 833 aliquot
1327 747 1375 812 fa-

227 857 377 923 bularum
410 856 670 922 emendationem
702 856 885 923 absolvero:
918 879 938 923 a
970 877 1034 942 quo
1066 861 1233 941 tamquam
1261 854 1375 920 funda-

229 969 338 1030 mento
362 965 527 1048 profectus
555 964 796 1030 molestissimis
822 963 860 1030 de
885 964 1089 1049 singulorum
1113 964 1257 1028 locorum
1277 961 1375 1047 scrip·

227 1075 303 1137 tura
321 1071 595 1156 disputationibus
615 1071 841 1157 supersedebo,
864 1072 933 1137 sine
952 1072 1069 1156 quibus
1088 1092 1175 1136 nunc
1189 1069 1375 1136 villiusmodi

227 1178 310 1244 nihil
338 1179 474 1245 ιιιιιιιι
503 1183 608 1265 queat.
654 1178 769 1264 Itaque
796 1179 831 1244 in
853 1179 1037 1264 praesentia
1059 1181 1092 1244 ιι
1114 1178 1223 1263 capita
1244 1181 1375 1243 tantum

229 1286 277 1350 rei
307 1286 526 1370 perstringam
559 1289 592 1352 et
619 1285 802 1352 Trinummi
834 1286 1042 1371 potissimum
1074 1285 1191 1350 finibus
1220 1306 1271 1350 me
1300 1305 1374 1350 con-

226 1391 348 1458 tinebo.
385 1393 508 1470 Quodsi
527 1415 660 1478 operam
679 1415 786 1459 meam
809 1415 939 1459 ornnem
962 1414 1075 1459 eorum
1097 1392 1173 1458 ιοιο
1197 1389 1270 1456 rudi
1292 1391 1375 1456 iner-

226 1498 293 1563 tiae
322 1500 508 1584 oppcsitam
538 1522 608 1565 esse
640 1500 710 1586 qui,
740 1504 778 1565 ut
806 1499 988 1566 Hermanni
1017 1498 1117 1565 rerba
1147 1520 1219 1565 mea
1247 1498 1375 1584 faciam,

227 1606 398 1672 devoratas
422 1628 495 1672 cum
519 1607 608 1673 omni
631 1608 781 1692 squalore
805 1629 913 1674 sacras
937 1605 1142 1671 membranas
1167 1611 1200 1671 et
1217 1627 1373 1691 procusos

229 1713 270 1778 ab
294 1735 364 1779 sese
387 1713 600 1800 confragosos
623 1736 776 1780 numeros
795 1714 865 1780 sine
885 1713 1043 1780 cruditate
1062 1715 1281 1798 concoquunt:
1305 1713 1374 1778 eius

231 1821 278 1886 rei
302 1843 382 1906 quas
406 1821 550 1888 rationes
573 1821 726 1906 habeam,
753 1844 826 1888 cum
851 1842 950 1906 supra
973 1819 1153 1906 significavi
1181 1819 1288 1906 capite
1314 1837 1375 1903 vn,

228 1930 298 1992 tum
322 1927 399 1993 olim
422 1928 457 1993 ιιι
480 1927 620 2013 epistula
642 1927 701 1994 illa
721 1925 958 1994 Mediolanensi
982 1927 1148 2011 explicavi,
1170 1930 1241 1992 tum
1262 1927 1375 2011 paullo

226 2034 359 2100 uberius
383 2035 429 2100 eis
453 2038 640 2119 persecutus
669 2057 742 2100 sum
765 2035 882 2120 quibus
906 2037 939 2098 et
960 2034 1069 2118 legere
1093 2036 1125 2098 et
1147 2054 1259 2098 versus
1283 2053 1375 2116 scep-

227 2141 302 2207 dere
319 2143 519 2209 nescientem
537 2143 646 2208 nescio
666 2163 731 2228 quo
745 2163 895 2206 successu
909 2161 1014 2224 nuper
1030 2142 1164 2205 conatus
1180 2162 1252 2205 sum
1267 2139 1374 2225 legere

227 2253 261 2316 et
283 2250 436 2315 scandere
458 2249 572 2315 docere
596 2249 630 2314 in
649 2247 762 2314 Museo
780 2250 893 2314 nostro
912 2246 1121 2331 philologico.
1158 2245 1203 2312 nt
1219 2247 1256 2312 in
1275 2245 1375 2313 libro·

226 2377 299 2420 rum
326 2355 456 2442 quidem
484 2378 559 2420 mss.
582 2355 646 2420 fide
675 2355 731 2440 qui
758 2354 853 2419 fidem
877 2375 1007 2419 omnem
1031 2355 1208 2418 metrorum
1232 2375 1303 2420 esee
1325 2375 1375 2420 re·

225 2463 368 2546 positum
395 2462 524 2546 volunt,
550 2484 662 2527 corum
693 2461 773 2528 satis
797 2460 949 2526 demirari
973 2482 1046 2526 cum
1069 2460 1200 2546 ignaria
1224 2461 1375 2526 coniunc-

226 2572 295 2634 tam
314 2569 567 2636 inconstantiam
585 2591 651 2634 non
669 2591 855 2653 possumus:
874 2569 930 2654 qui
949 2590 1014 2654 quo
1032 2568 1164 2634 ιιιιιιιιιι
1183 2571 1374 2656 argumento

226 2675 306 2742 illud
329 2675 513 2761 defendent,
535 2675 621 2762 quod
644 2696 710 2742 non
734 2675 833 2740 etiam
857 2675 1001 2740 senarios
1024 2675 1172 2759 potuisse
1195 2675 1303 2760 quinis
1322 2674 1374 2740 ιιι

228 2783 370 2868 septenis
404 2782 541 2868 pedibus
574 2782 724 2867 componi
758 2782 963 2848 crediderunt
994 2779 1034 2868 (e.
1063 2803 1089 2847 c.
1119 2781 1228 2867 quinis
1256 2805 1284 2846 v.
1310 2781 1376 2848 752

226 2891 329 2977 ipsius
353 2890 433 2956 adeo
451 2888 663 2955 Ambrosiani
682 2886 913 2974 auctoritate)?
938 2889 990 2955 ιιι
1014 2888 1192 2955 molossum
1215 2909 1275 2973 pro
1297 2909 1374 2973 pyr·

226 2998 352 3066 rhichio
375 2997 454 3083 poni
478 3001 511 3062 et
533 2997 763 3082 monosyllaba
786 2997 945 3063 vocabula
972 3017 1032 3081 pro
1055 2993 1374 3080 proceleusmaticis‘?

227 3104 278 3171 ιιι
310 3108 348 3171 ut
379 3104 421 3170 ad
457 3104 545 3169 aliud
577 3123 678 3190 genua
718 3103 830 3168 eadem
861 3101 1068 3168 ratiocinatio
1106 3101 1375 3197 accommodetur,

228 3212 415 3297 genetivum
438 3210 538 3276 ablat
513 3214 658 3275 triumve
689 3210 770 3295 podi
800 3231 861 3295 pro
893 3207 1119 3275 nominativo?
1151 3209 1203 3273 ιιι
1233 3208 1374 3293 primam

226 3341 399 3403 personam
417 3337 477 3403 pro
497 3316 638 3383 secunda
655 3317 815 3382 tertiave?
835 3315 964 3434 quando
983 3315 1099 3380 talium
1117 3314 1269 3381 nihilt
1219 3317 1269 3380 ιιι
1288 3314 1374 3434 quod

226 3447 293 3491 uon
316 3423 529 3510 apertissimis
553 3423 700 3490 codicum
718 3421 914 3488 testimoniis
932 3421 983 3488 uit
984 3443 1003 3486 ι
1005 3424 1065 3486 tur.
1103 3418 1260 3487 Scilicet
1251 3443 1285 3486 nr
1302 3421 1374 3507 ipso

228 3535 395 3616 tamquam
422 3531 596 3616 principio,
626 3529 711 3616 quod
739 3552 862 3596 meram
890 3529 1075 3595 barbariem
1103 3549 1181 3614 prae
1209 3528 1477 3614 scismatum

229 3639 403 3704 subsistere
430 3638 526 3704 veriti
553 3637 587 3702 in
615 3636 722 3704 media
750 3637 804 3704 ιιι
831 3636 1046 3703 substiterunt
1074 3639 1107 3700 et
1134 3635 1273 3702 mediam
1301 3636 1373 3702 bar-

228 3746 353 3813 bariem
375 3745 556 3810 eroscrdati
579 3749 669 3828 sunt,
691 3767 757 3810 non
780 3747 968 3829 reputantes
993 3743 1034 3809 ad
1056 3744 1164 3829 ipsum
1187 3745 1294 3829 finem,
1317 3743 1374 3829 qui

226 3877 292 3921 non
319 3853 510 3920 coniunctae
538 3875 611 3918 cum
641 3853 794 3918 mediocri
824 3851 973 3918 barbarie
997 3851 1167 3917 mediocris
1191 3849 1374 3935 elegantiae

227 3959 353 4028 estred
371 3962 613 4027 consummatae
633 3959 722 4043 artis,
740 3963 926 4044 penetrasse
946 3979 1084 4045 quorum
1104 3979 1204 4043 opera
1221 3979 1375 4043 umquam

192 4056 199 4070 ⁶
228 4068 399 4154 quicquam
426 4067 479 4132 ιιι
506 4067 544 4148 ιιιΙ
567 4067 780 4152 grammatica
808 4065 981 4151 disciplina
1008 4066 1059 4130 ιιι
1086 4065 1120 4130 in
1143 4065 1279 4130 metrica
1301 4083 1374 4148 prc-

187 4214 199 4232 ·
226 4175 348 4240 fectum
368 4173 420 4240 sit
455 4172 531 4238 Non
550 4171 665 4258 ignoro
685 4172 842 4256 equidem,
865 4177 945 4257 quot
967 4174 1170 4256 quantaeque
1193 4170 1255 4235 hoc
1272 4188 1374 4253 genus

229 4303 322 4348 omne
351 4284 384 4346 et
411 4279 576 4346 cautiones
600 4282 632 4344 et
655 4278 877 4345 dubitationes
905 4279 1037 4362 habeat,
1066 4277 1152 4362 quod
1178 4275 1308 4342 facilius
1332 4273 1375 4339 sit

228 4391 474 4475 praeceptorum
498 4386 672 4452 severitate
695 4407 806 4472 regere
830 4407 942 4470 quam,
970 4405 1066 4470 quem
1093 4382 1238 4448 libertati
1266 4381 1374 4447 locum

228 4497 338 4582 legum
369 4494 547 4562 necessitas
580 4493 791 4577 concesserit,
822 4492 990 4577 indagare:
1027 4491 1063 4556 in
1096 4512 1160 4575 quo
1196 4510 1262 4555 non
1298 4510 1373 4554 raro
