3302 5076
304 399 370 462 630
681 409 914 458 nunsnnscna
938 409 1069 458 sanan.

305 578 437 640 operam
461 554 662 620 collocarunt
685 575 787 636 suam,
812 556 849 616 ut
874 552 1096 636 Androtionis,
1120 552 1317 617 Phanodemi
1341 552 1452 636 etqui

305 666 382 728 sunt
409 661 539 744 reliqui,
572 665 605 724 et
634 682 708 725 vero
737 659 990 724 clarissimorum
1020 677 1126 724 rerum
1155 663 1320 744 gestarum
1344 663 1452 724 aueto-

307 793 378 834 rum
402 767 544 852 Ctesias,
567 767 704 852 Ephori,
732 766 947 850 Theopompi3
976 770 1144 851 praeterea
1167 766 1266 830 etiam
1296 767 1453 850 posterio-

307 899 377 941 rum
419 875 566 958 illorum,
608 875 662 957 qui
697 897 735 938 ex
772 873 1063 957 Peripateticorum
1102 873 1305 956 potissimum
1344 874 1454 940 schola

307 982 445 1068 profecti
479 983 598 1046 artium
631 981 937 1065 disciplinarumque
969 980 1141 1060 historiam
1174 957 1335 1064 persecuti
1369 985 1454 1065 suut,

309 1090 511 1172 Aristoxeni,
534 1087 741 1172 Heraclidae,
768 1086 971 1170 Dicaearchi,
1000 1087 1159 1170 Phaniae,
1188 1086 1351 1170 Olearchi,
1374 1087 1453 1152 Her·

308 1197 418 1281 mippi,
441 1193 679 1276 Eratosthenis,
703 1193 850 1257 aliorum.
887 1191 937 1258 Ad
962 1193 1161 1277 eundemque
1179 1193 1309 1258 modum
1329 1198 1454 1278 postea·

308 1293 405 1387 quani
433 1304 577 1365 veterum
607 1299 873 1384 philosophorum
902 1300 1025 1384 placita
1053 1300 1160 1365 studio
1191 1323 1228 1364 ex
1253 1301 1350 1385 longo
1374 1305 1453 1366 tem·

310 1431 387 1494 pore
412 1408 477 1473 fere
496 1429 672 1491 numquam
691 1407 877 1472 intermisso
897 1430 969 1472 cum
988 1407 1175 1492 philosophi
1194 1411 1456 1495 pervestigarunt

310 1521 379 1582 tum
402 1516 574 1601 philologi,
604 1515 787 1599 nuperrime
811 1515 952 1580 eiusdem
975 1515 1154 1580 industriae
1178 1517 1360 1582 communio
1384 1539 1453 1582 coe·

311 1624 360 1708 pit
388 1622 488 1687 ctiam
517 1621 557 1686 ad
585 1626 752 1687 oratorum
781 1621 981 1707 perditorum
1004 1622 1158 1706 reliquias
1184 1623 1352 1706 pertinere.
1393 1622 1454 1688 Sed

309 1753 409 1794 uuum
432 1732 483 1793 est
507 1749 608 1814 genus
633 1729 817 1793 litterarum
841 1727 1017 1813 quoddam,
1040 1728 1125 1811 quod
1149 1731 1381 1814 propemodum
1405 1755 1456 1796 so-

310 1839 378 1901 lum
412 1835 595 1921 neglectum
628 1835 741 1918 iacuit,
773 1856 813 1898 ne
846 1834 951 1899 dicem
983 1839 1214 1919 contemptum.
1261 1837 1387 1921 Quippe
1421 1839 1454 1902 in

311 1943 657 2030 grammaticorum
680 1941 819 2007 historia
843 1947 917 2006 ante
942 1941 1003 2007 hos
1027 1964 1146 2025 paucos
1171 1965 1272 2008 annos
1300 1945 1456 2009 recentio-

310 2073 382 2116 rum
420 2050 642 2115 elaboraverat
678 2071 786 2113 nemo:
823 2071 926 2133 neque
958 2049 1055 2114 hodie
1091 2053 1222 2135 praeter
1260 2049 1340 2115 duos
1373 2051 1458 2134 illos,

311 2181 392 2245 quos
419 2159 453 2222 in
483 2155 684 2241 praefatione
707 2155 851 2240 laudavi,
878 2179 1075 2242 quemquam
1104 2158 1138 2221 in
1165 2179 1203 2222 eo
1232 2176 1349 2241 genere
1380 2158 1456 2222 licet

311 2266 489 2332 nominare.
524 2262 596 2329 Hoc
620 2263 720 2348 igitur
743 2264 776 2327 in
800 2264 907 2347 spatio
931 2265 1078 2347 equidem
1103 2265 1269 2330 elaborare
1288 2263 1457 2330 constitui:

311 2395 371 2438 nce
403 2371 515 2456 quaeri
542 2373 617 2454 post
645 2393 696 2453 ea,
724 2393 806 2456 quae
839 2373 985 2456 exposui,
1018 2395 1038 2436 a
1070 2395 1232 2457 quoquam
1267 2392 1361 2454 posse
1393 2372 1457 2435 exi·

313 2480 420 2561 stimo,
443 2465 610 2542 utiliterne
639 2480 672 2541 et
700 2475 741 2540 ad
768 2474 1004 2562 promovendas
1028 2477 1155 2542 litteras
1179 2481 1311 2542 nostras
1335 2499 1458 2542 accom-

313 2585 442 2651 modate
466 2583 545 2648 illud
568 2583 779 2663 instituerim,
807 2582 987 2667 quodcum
1011 2606 1068 2667 per
1092 2607 1126 2648 se
1148 2584 1365 2649 necessarium
1388 2605 1458 2648 esse

312 2715 408 2758 nemo
431 2691 552 2755 infitias
576 2694 643 2776 eat,
666 2693 778 2755 tamen
801 2693 965 2754 tentatum
989 2691 1093 2756 adhuc
1116 2692 1160 2755 sit
1183 2714 1203 2755 a
1225 2691 1325 2756 nullo.

402 2797 498 2864 Nunc
532 2797 648 2882 igitur,
685 2800 723 2861 ut
751 2801 934 2862 revertatur
970 2798 1053 2862 unde
1083 2798 1230 2882 profecta
1262 2800 1313 2861 est
1345 2798 1460 2881 oratio,

314 2929 401 2972 nuuc
423 2909 503 2991 puto
528 2907 674 2989 apparet,
696 2925 753 2968 cur
771 2924 837 2969 non
855 2904 961 2987 possit
980 2926 1091 2969 eorum
1110 2905 1347 2989 exspectationi
1366 2905 1460 2969 setis-

316 3013 396 3097 fieri,
417 3013 443 3076 si
459 3012 515 3096 qui
529 3012 621 3095 talia,
640 3011 733 3095 quale
757 3011 907 3094 tractavi,
929 3015 1122 3096 argumenta
1144 3011 1316 3076 fastidiant
1339 3015 1373 3075 et
1395 3015 1459 3076 sto·

315 3119 520 3185 maohentur:
553 3140 610 3182 cur
640 3117 813 3199 noluerim,
846 3117 873 3181 si
906 3117 987 3182 mihi
1020 3117 1135 3182 vellem
1164 3117 1233 3201 ipse
1263 3115 1461 3200 satisfacere,

315 3227 421 3291 locum
454 3223 594 3308 aliquem
626 3244 830 3288 communem
861 3245 900 3288 ex
932 3223 972 3288 iis
1004 3246 1182 3309 proponere
1211 3224 1252 3289 ad
1280 3225 1458 3308 disceptan-

317 3333 407 3416 dum,
430 3333 484 3416 qui
507 3331 575 3396 lere
598 3330 753 3395 tralaticii
777 3334 865 3414 sunt,
890 3331 979 3397 velut
1002 3336 1111 3397 utrum
1135 3332 1238 3397 maior
1264 3335 1358 3416 patre
1385 3333 1459 3397 Ale-

318 3439 439 3506 xander
466 3461 505 3503 au
535 3439 603 3504 filio
632 3437 802 3522 Philippus
831 3438 941 3516 fuerit,
963 3442 1071 3503 utrum
1094 3439 1281 3504 detrimenti
1313 3440 1386 3523 plus
1419 3461 1462 3505 an

317 3546 472 3612 utilitatis
491 3567 508 3609 e
528 3541 736 3629 Carthaginis
755 3544 880 3609 excidio
899 3544 1038 3609 Romani
1057 3546 1210 3629 ceperint,
1228 3547 1278 3610 vel
1297 3547 1336 3610 de
1355 3569 1461 3612 amoe-

317 3653 421 3719 nitate
436 3651 643 3735 philologiae,
663 3651 713 3715 vel
728 3650 768 3716 de
787 3650 944 3716 librorum
964 3651 1116 3716 subsidiis
1137 3651 1177 3716 ad
1196 3653 1339 3718 studium
1358 3653 1460 3737 philo·

318 3760 424 3845 logias
443 3759 633 3822 necessariis
656 3762 689 3822 et
714 3781 795 3843 quae
818 3762 895 3824 suut
913 3758 1041 3823 similia
1080 3737 1221 3823 Namut
1240 3760 1352 3842 paucis
1375 3781 1461 3824 eom-

317 3867 524 3954 prehendam,
543 3886 607 3949 quo
626 3865 870 3930 convenientius
890 3869 1117 3949 argumentum
1136 3865 1295 3950 delegeris
1314 3865 1355 3931 ad
1368 3865 1461 3930 disei-

318 3975 443 4060 plinam
477 3995 637 4058 quamque
673 3995 731 4057 pro
766 3973 851 4038 virili
885 3976 978 4057 parte
1013 3995 1086 4037 vere
1121 3974 1387 4058 promovendam,
1424 3985 1462 4040 eo'

318 4082 398 4146 illud
424 4081 492 4146 fere
520 4081 654 4146 alienius
683 4085 734 4145 est
757 4103 777 4144 a
799 4080 963 4145 communi
986 4082 1086 4164 captu
1103 4103 1223 4165 eornm,
1247 4081 1300 4165 qui
1320 4080 1360 4145 ad
1379 4081 1462 4145 inte-

318 4189 420 4254 riores
444 4187 570 4253 litteras
593 4210 657 4253 non
681 4190 901 4271 penetrarunt.

412 4295 456 4358 At
479 4315 564 4377 vero,
587 4293 696 4364 audire
714 4292 827 4357 videor
843 4315 929 4358 nunc
947 4293 1104 4377 quosdam
1125 4293 1205 4358 mihi
1225 4297 1463 4358 murmurantes

322 4399 514 4486 (audivimus
529 4403 638 4465 eutem
654 4393 752 4464 etiam
766 4400 876 4483 palam
898 4395 1114 4485 prolitentes),
1137 4399 1213 4484 quid
1229 4397 1361 4464 omnino
1380 4421 1463 4482 opus

325 4510 375 4569 eat
393 4527 528 4590 operosa
548 4507 609 4571 hac
627 4506 750 4590 ingenii
769 4506 897 4590 publice
911 4505 1106 4571 testificandi
1121 4505 1348 4570 contentione?
1371 4527 1464 4590 prae·
