3332 5074
333 355 399 420 448
623 370 886 420 euoenoousue
911 371 956 418 ou
981 369 1189 418 RATIONIBvs
1302 359 1304 364 '

432 563 839 580 .......
891 516 999 580 hdrcle
1022 513 1139 597 operari
1162 510 1303 596 pretidm
1327 511 1456 596 quidem

431 671 839 686 .......
893 621 1085 686 conuenidm
1109 622 1268 705 quantum
1291 621 1412 702 potest:

335 761 452 846 quibus
468 764 624 847 exemplis
644 767 678 827 et
696 765 986 847 anapaestioum
1005 764 1108 828 hebes
1125 765 1158 827 et
1177 760 1479 826 choriambicum

334 870 468 933 tertium
493 891 512 932 a
534 870 597 934 fine
621 871 828 936 vocabulum:
853 892 990 955 quorum
1013 875 1124 935 tumen
1146 871 1297 932 neutrum
1322 867 1480 952 frequens.

336 973 517 1058 Spoudiucu
540 979 649 1040 autom
672 977 831 1042 vocabulo
854 978 924 1064 etsi
940 977 981 1042 eb
1006 999 1044 1042 eo
1068 976 1140 1041 loeo
1163 975 1248 1040 rotio
1267 973 1396 1059 quidem
1415 993 1481 1037 non

335 1082 440 1165 magis
474 1103 572 1166 quem
605 1083 780 1148 molossica
812 1084 864 1148 vel
896 1085 1004 1149 ionico
1036 1106 1056 1148 u
1082 1083 1208 1147 minore
1231 1081 1375 1166 (quando
1404 1080 1480 1144 oho-

336 1187 498 1252 rismbum
522 1192 555 1251 et
577 1189 700 1254 ionicus
724 1193 757 1254 et
774 1191 936 1274 molossus
956 1187 1089 1275 nequet)
1108 1189 1258 1271 excludit,
1280 1191 1388 1252 tamen
1408 1207 1480 1250 eon·

337 1293 473 1359 suetudo
505 1317 572 1360 non
604 1297 684 1359 item
708 1301 753 1360 -ut
786 1297 820 1360 in
853 1297 1056 1382 paenultimo
1089 1297 1159 1360 loco
1192 1295 1327 1378 recepit:
1352 1294 1480 1378 'quippe

337 1401 466 1484 aegrius
493 1401 527 1465 in
555 1402 662 1486 longis
690 1401 824 1486 syllabis
852 1426 950 1488 quum
978 1404 1011 1469 in
1039 1403 1191 1468 brevibus
1219 1404 1370 1466 occentus
1394 1400 1480 1464 inso-

336 1507 438 1570 lentia
460 1506 517 1572 illo
540 1508 611 1572 loco
635 1509 821 1574 delitescere
845 1511 915 1574 visu
937 1515 997 1575 est.

426 1613 471 1678 Et
497 1613 578 1681 haec
607 1615 736 1700 quidem
765 1617 921 1682 eiusmodi
950 1621 1039 1702 sunt,
1063 1623 1100 1682 ut
1123 1621 1229 1682 certae
1253 1635 1384 1680 normae
1408 1635 1480 1678 con-

339 1720 461 1783 stantia
484 1718 700 1787 determinato
723 1724 839 1788 merito
861 1745 979 1789 nomeu
1002 1724 1171 1789 inveniunt
1193 1721 1358 1808 legitimae
1382 1720 1478 1784 licen-

338 1825 412 1890 tiae.
458 1823 519 1892 Sed
547 1832 674 1912 praeter
702 1829 795 1913 boec,
827 1852 909 1915 quae
937 1831 1008 1914 ipse
1031 1849 1084 1895 ers
1107 1829 1280 1912 concessit,
1311 1826 1479 1892 fatendum

337 1937 388 1996 cst
411 1933 582 2018 quaedum,
606 1958 802 2022 quemquam
826 1959 960 2002 numero
983 1959 1099 2021 pauco,
1122 1936 1174 2001 vel
1198 1936 1352 2001 excidisse
1375 1934 1481 2018 poetis

239 2069 323 2110 coxn
337 2011 389 2103 vel
416 2038 590 2105 indulsisse
619 2042 680 2106 sibi
711 2047 839 2127 poetes,
871 2066 953 2128 quae
977 2045 1045 2109 sint
1067 2049 1158 2108 extra
1181 2043 1340 2108 rationem
1363 2039 1481 2124 posito.

326 2143 423 2224 Nam
455 2169 528 2212 cum
560 2151 594 2213 in
627 2149 808 2214 mouentum
840 2151 875 2215 hi
904 2174 985 2236 quos
1013 2153 1125 2217 notavi
1153 2152 1303 2216 accentus
1331 2151 1417 2212 recte
1445 2169 1480 2210 se

336 2250 481 2316 habeant
502 2260 674 2338 propterea
697 2255 782 2339 quod
806 2257 930 2320 similes
954 2257 1164 2343 sequuntur'
1155 2277 1188 2320 m
1211 2256 1363 2338 quantum
1371 2255 1479 2336 potest,

337 2362 446 2423 tumen
469 2361 663 2444 aliquotiens
688 2361 989 2428 choriambicum
1011 2363 1205 2429 vocabulum
1229 2362 1327 2427 etiem
1350 2365 1479 2444 praeter

335 2465 419 2532 hunc
446 2468 665 2534 condicionem
694 2471 728 2534 iu
755 2471 894 2536 mediam
922 2471 1041 2536 senarii
1069 2469 1235 2555 dipodiom
1264 2467 1411 2551 intravit,
1443 2470 1480 2530 ut

336 2573 423 2639 Trin.
449 2575 521 2639 184.
545 2576 646 2657 [410]
680 2577 908 2664 Mil.1,1,18.
940 2579 1057 2644 Bacch.
1079 2577 1233 2642 121.113
1258 2575 1345 2656 [151.
1371 2575 1461 2654 144]:

425 2716 498 2802 Ego
521 2720 572 2782 me
595 2718 710 2784 fecisse
733 2721 875 2802 cdnfiteor
898 2720 1135 2805 Megaronides.

428 2822 546 2904 [Quam
571 2824 601 2890 si
623 2825 768 2892 formicis
791 2832 828 2891 tu
851 2828 970 2892 obicias
992 2821 1247 2911 pepduerem.*)]

426 2928 527 3005 Quasi
550 2934 667 2999 ue'ntus
690 2933 771 2999 folin
794 2939 852 2999 aut
867 2935 1047 3016 peniculum
1069 2933 1250 2998 tectorium.

427 3035 607 3123 Magistron
631 3061 824 3125 quemquem
847 3043 1033 3124 discipulum
1056 3040 1245 3105 minitdrier.

427 3142 543 3228 Sperdt
565 3146 694 3229 quidem
717 3148 857 3212 animus:
881 3169 945 3231 quo
968 3148 1091 3211 oenus
1111 3147 1161 3210 dis
1185 3146 1219 3210 in
1242 3142 1445 3230 munust**)

338 3285 541 3373 Quemquam
565 3289 598 3352 id
622 3289 753 3354 minime
777 3295 827 3354 est
850 3290 964 3374 quovis
988 3293 1083 3374 paeto
1107 3289 1242 3354 fuctum:
1275 3288 1369 3352 facile
1392 3287 1479 3351 enim

337 3394 538 3480 intellegitur
561 3396 737 3461 curandum
762 3397 861 3462 fuisse
885 3402 922 3462 ut
944 3397 1118 3462 insolentis
1140 3417 1348 3462 numerorum
1368 3394 1479 3459 obscu-

337 3505 464 3566 raretur
485 3502 595 3586 potius
619 3525 715 3586 quum
737 3505 772 3568 iu
795 3525 889 3570 eures
912 3503 1159 3588 impingeretur:
1183 3524 1281 3588 quere
1305 3501 1392 3566 medi
1413 3521 1481 3564 non

338 3611 449 3691 potest
479 3629 553 3672 oum
585 3610 678 3693 gravi
710 3610 969 3695 interpunctione
997 3609 1204 3675 choriambus
1233 3630 1252 3672 a
1280 3611 1376 3692 poete
1407 3627 1480 3672 con-

338 3769 549 3777 ——--.——..

446 3856 472 3925 *)
492 3855 545 3928 [Cf.
565 3854 639 3910 infra
656 3874 684 3927 p.
704 3871 780 3912 ccxv
799 3857 896 3929 (451).]

427 3944 468 4012 *ἢ
488 3945 549 4000 Hoc
568 3945 681 4014 quidem
700 3963 783 4001 versu
801 3947 854 4001 etsi
873 3944 1083 4001 eoncedendum
1102 3948 1146 4000 est
1163 3961 1181 4000 s
1199 3948 1284 4015 poete
1302 3961 1402 4015 posse
1421 3959 1480 3998 eue-

338 4041 388 4090 uot
406 4034 563 4105 proiectum
582 4051 655 4102 esso,
685 4037 714 4089 et
731 4051 816 4106 supra
833 4034 921 4090 ellsto
940 4049 1089 4089 muccosum
1108 4040 1242 4104 quantum
1256 4037 1358 4102 poten,
1385 4034 1480 4086 umen

338 4125 454 4195 propter
475 4125 538 4194 ipso
560 4125 673 4194 gemina
695 4122 825 4193 exemplu
847 4123 1012 4190 discipulum
1035 4125 1066 4177 et
1083 4125 1177 4177 cetero
1194 4120 1392 4178 necessitatem
1409 4117 1481 4174 illud

338 4213 503 4268 nonhabet.
522 4213 582 4267 Nec
595 4211 697 4266 mech.
709 4217 742 4266 48
754 4211 813 4282 [19]
829 4211 873 4266 vol
887 4212 1038 4266 necessites
1057 4211 1101 4265 vel
1122 4211 1145 4265 si
1164 4210 1232 4280 qnid
1250 4211 1331 4266 video
1350 4207 1481 4280 probabi·

339 4303 406 4358 litos
425 4309 521 4358 sumt
539 4302 646 4358 formae
665 4300 851 4358 demonstrari
864 4300 977 4370 poterit.
997 4300 1089 4366 Quid?
1108 4300 1183 4370 quod
1202 4299 1370 4370 quibusdem
1388 4314 1479 4354 exem·

339 4391 394 4461 plis
412 4393 581 4448 contrariom
600 4391 629 4445 in
647 4393 756 4460 portem
772 4389 868 4444 volens
881 4389 1067 4460 probabilitas
1081 4388 1231 4446 manifeste
1244 4391 1296 4458 est,
1314 4389 1389 4473 stip
1404 4387 1480 4443 exitu

340 4479 491 4552 septenarii
510 4481 586 4536 Trin.
606 4487 657 4536 ‘uo
676 4481 748 4550 quod
766 4495 834 4550 apoc
851 4481 959 4536 amicit
979 4481 1037 4536 titi.
