3338 5072
535 409 800 465 eusunsmours
824 413 1031 463 susurrum.
1290 385 1353 464 331

214 583 286 628 esse
310 561 366 647 qui
388 561 491 627 uiolet
513 561 764 643 contaminatus,
787 581 853 624 non
876 565 1000 645 negant
1021 559 1085 624 nisi
1105 560 1160 644 qai
1178 559 1355 642 desipiunt:

213 669 362 754 argutius
386 669 437 732 est
455 665 653 732 Bathiannm
671 665 797 732 bonores
814 668 950 732 uendaa:
974 667 1008 732 in
1023 665 1229 732 Gronoviana
1248 671 1355 731 autem

213 775 421 841 construendi
439 775 570 840 ratione
584 773 790 839 vehementer
807 776 942 860 languet
960 773 1119 838 inutiliter
1141 773 1261 838 iterata
1284 793 1355 836 sen-

212 883 316 947 tentia
338 883 381 946 ad
401 883 614 964 quaerundum
636 881 788 946 bouorau.
816 915 858 926 ··-
887 880 915 945 E
945 879 1030 944 vitae
1058 880 1253 946 cottidianae
1282 901 1354 944 eon·

213 989 385 1053 suetudine
408 987 597 1076 crediderim
621 986 866 1073 epithecam)
900 987 1056 1071 petitum·
1072 1009 1100 1052 ν.
1127 988 1225 1072 1025,
1258 1009 1355 1073 quam

212 1095 409 1179 interpretor
431 1095 575 1180 aliquam
599 1095 741 1161 ἐπίδοαν
764 1095 816 1160 vel
840 1094 1019 1174 ἐπίμετρον,
1044 1095 1094 1159 vel
1116 1093 1154 1159 ut
1175 1093 1264 1159 Festi
1287 1115 1356 1160 ver·

212 1201 263 1266 bis
288 1207 361 1266 utar
384 1201 470 1285 apud
493 1201 640 1266 Paullum
665 1225 694 1285 p.
712 1203 753 1266 14
776 1199 829 1284 M,
851 1202 1035 1278 auctarium,
1058 1202 1139 1282 quod
1159 1221 1250 1284 suuper
1272 1223 1355 1266 mea·

211 1327 319 1374 saram
348 1309 393 1374 acl
414 1310 539 1391 pondus
565 1308 683 1373 tristam
711 1307 909 1386 adiciebatur,
940 1312 976 1372 ut
1001 1308 1142 1373 aemulata
1170 1311 1356 1374 uacaturus

211 1417 329 1480 modio:
362 1436 426 1500 quo
455 1437 550 1480 sensu
581 1415 653 1500 ipsa
681 1417 812 1495 ἐπιθήκη
841 1435 919 1480 voce
948 1415 982 1480 in
1010 1414 1110 1480 simili
1133 1415 1206 1480 ioco
1229 1414 1355 1480 Aristo·

212 1521 335 1606 phanes
358 1523 436 1587 usus
459 1520 556 1607 Vesp.
579 1545 608 1588 u.
635 1521 733 1586 1391:
770 1521 944 1602 κάξέβαλεν
967 1522 1129 1586 ἐντευθενὶ
1152 1520 1268 1601 ἄρτου(
1291 1519 1357 1587 δέκ’

212 1629 340 1710 ὀβολῶν
372 1628 547 1710 κάπιθήκην
578 1630 739 1708 τέτταρας.
773 1611 878 1693 'Nam
910 1629 946 1692 iu
976 1627 1153 1710 apothecam
1168 1649 1172 1658 ’
1185 1629 1240 1713 qui
1271 1628 1356 1712 apud

212 1735 364 1801 Plautum
387 1736 576 1819 probarunt,
599 1736 685 1820 quod
712 1757 731 1798 a
754 1735 912 1800 librorum
929 1733 991 1799 fide
1009 1735 1155 1819 proxime
1174 1735 1275 1815 abest,
1297 1755 1356 1799 nec

210 1840 272 1906 hoc
302 1863 421 1906 nomen
450 1841 492 1904 ab
523 1841 630 1906 horrei
654 1841 833 1926 capacitate
861 1863 1015 1926 umquam
1046 1863 1115 1906 esse
1143 1840 1183 1906 ad
1211 1841 1356 1906 cistellae

211 1947 483 2032 significationem
507 1947 664 2013 deflexum
683 1947 953 2031 demonstrarunt,
975 1969 1035 2014 nec
1053 1947 1132 2012 illud
1150 1947 1357 2014 declararunt

212 2074 276 2137 qua
297 2053 529 2138 probabilitate
548 2053 726 2118 Stasimum
750 2075 878 2118 servum
903 2058 935 2118 et
957 2074 1179 2138 possessorem
1202 2054 1355 2137 dactylio-

210 2160 324 2225 theeae
347 2160 534 2245 cogitarint,
558 2164 591 2225 et
613 2183 652 2225 ea
676 2182 808 2225 usurum
827 2159 919 2224 adid
939 2159 1124 2224 condalium
1143 2161 1355 2244 condendum,

211 2267 297 2351 quod
319 2267 427 2351 ipsum
450 2271 579 2354 gestare
602 2268 637 2332 iu
659 2265 763 2352 digito
788 2267 916 2332 soleret.
949 2265 1017 2331 Nec
1040 2267 1107 2331 ullo
1130 2266 1226 2332 modo
1245 2266 1355 2351 friget,

212 2373 240 2438 si
263 2374 338 2458 quid
364 2373 484 2456 sentio,
506 2378 632 2439 servato
655 2371 820 2456 epithecam
843 2370 978 2437 Stasimi
1001 2373 1119 2438 oratio:
1148 2373 1203 2458 qui
1226 2395 1291 2439 non
1315 2373 1353 2437 il·
1367 2393 1470 2434 nxxxr

211 2480 318 2564 lepido
338 2481 486 2546 acumine
503 2481 543 2545 de
561 2481 657 2546 rebus
675 2479 780 2562 nihili,
803 2478 922 2545 damno
943 2485 976 2544 et
994 2481 1113 2563 labore,
1136 2480 1183 2547 ita
1202 2481 1356 2565 loquitur,

211 2587 305 2670 quasi
333 2587 417 2654 bono
446 2588 567 2654 bonum
594 2587 703 2652 dedita
730 2609 829 2672 opera
857 2589 1043 2673 quaesitum
1073 2589 1213 2653 accedat.
1237 2625 1279 2636 —
1304 2586 1355 2652 Ad

211 2713 261 2778 aa,
294 2715 377 2778 quae
404 2695 670 2778 probabilitatem
701 2695 800 2760 etiem
831 2695 901 2761 sine
931 2696 1086 2779 exemplis
1116 2695 1272 2777 habeant,
1304 2716 1355 2758 me

211 2800 314 2864 iudice
337 2799 418 2864 illud
441 2822 567 2886 quoque
587 2801 729 2885 pertinet
748 2823 776 2866 v.
792 2803 869 2867 887:
893 2822 969 2884 opus
989 2805 1104 2884 fartost
1124 2802 1247 2879 ramum,
1270 2801 1356 2885 qu'od

212 2927 228 2970 e
252 2905 409 2970 librorum
433 2907 590 2972 memoria
611 2909 723 2988 factost
746 2907 824 2972 adeo
849 2931 908 2972 sua
928 2913 1043 2991 sponte
1060 2906 1178 2992 prodit,
1202 2911 1239 2972 ut
1261 2906 1355 2971 facile

211 3014 319 3077 vincat
342 3012 472 3096 longius
497 3015 637 3098 petitum
659 3015 739 3095 face:
771 3015 838 3078 sive
859 3015 1002 3096 fartam
1024 3015 1175 3078 uiatuum
1197 3014 1356 3096 interpre-

211 3121 322 3185 tabere
341 3125 508 3204 tamquam
526 3121 735 3203 reisesulluup,
758 3123 922 3200 reisemast,
946 3121 1013 3186 sive
1032 3126 1156 3186 certum
1175 3119 1235 3184 libi
1253 3140 1355 3204 genus

211 3227 331 3292 collata
351 3227 467 3308 fectum
489 3225 656 3312 forma.**)
688 3225 737 3291 De
761 3227 966 3293 substantivo
989 3229 1140 3291 uiaticum
1163 3219 1356 3311 cogitarunt,

210 3333 266 3417 qui
294 3338 322 3398 et
348 3332 548 3397 infarcirent:
582 3333 777 3398 adiectivum
810 3333 910 3399 habes
942 3332 1059 3398 Bacch.
1096 3332 1125 3416 1,
1151 3334 1182 3416 l,
1211 3333 1267 3415 61,
1287 3332 1355 3397 ¹ubi

211 3459 286 3504 cara
306 3439 425 3504 uiatico
446 3438 573 3504 dicitur.
597 3477 639 3485 -
664 3437 787 3505 Contra
810 3441 1060 3524 substantivum,
1083 3442 1120 3502 ut
1144 3439 1241 3504 Poen.
1256 3437 1311 3522 IV,
1326 3439 1356 3522 2,

215 3547 269 3630 16,
293 3569 361 3611 non
384 3545 578 3611 adiectivum
603 3546 691 3611 volui
713 3547 877 3612 attactum
900 3567 971 3612 esse
993 3569 1021 3611 v.
1045 3547 1124 3612 888:
1156 3545 1213 3611 ubi
1236 3549 1273 3611 ut
1295 3567 1355 3629 pro

211 3809 300 3865 nitate
318 3809 532 3865 reconditiorem
551 3809 674 3878 aliquem
693 3810 881 3881 significatum
895 3809 1006 3866 habuit:
1026 3807 1116 3880 (velut
1130 3809 1248 3881 cogitari
1262 3811 1356 3880 potest

210 3897 357 3954 vindicans
380 3900 407 3954 h.
427 3915 451 3954 e.
475 3897 613 3954 ulciscens
636 3901 666 3953 et
688 3900 806 3968 puniens
825 3899 931 3954 seelera
949 3897 1075 3954 carnifex
1094 3898 1244 3967 aliquando
1263 3898 1355 3952 dietus

212 4003 271 4042 esse
290 3987 416 4060 vindam)
435 4005 480 4043 me
499 3988 606 4043 nescim
624 3987 716 4042 fateor
734 3989 802 4057 quid
816 3989 932 4058 vulgata
948 3987 1089 4058 scriptura
1101 3987 1171 4042 fiat’
1201 3986 1242 4042 cf.
1254 3985 1354 4055 Opuac.

211 4075 280 4144 phil.
299 4075 325 4130 11
343 4094 370 4146 p.
390 4076 464 4148 bat]

301 4167 329 4234 *J
351 4165 497 4236 [ἐπιθήκην
516 4163 635 4220 tollendi
653 4163 747 4220 hiatus
767 4181 852 4220 causa
870 4165 899 4219 in
917 4164 960 4220 ed.
976 4164 1024 4220 alt.
1044 4163 1216 4218 Ritschelius
1234 4163 1356 4232 scripsit,

211 4253 240 4307 id
259 4255 334 4322 qnod
352 4271 516 4324 peccorum
539 4253 568 4308 in
586 4253 640 4308 hae
662 4252 725 4323 ipsa
742 4254 840 4308 tabula
857 4253 1058 4309 vocabulorum
1077 4255 1113 4320 (v.
1135 4256 1192 4307 187.
1212 4256 1273 4304 419.
1293 4253 1356 4319 105)

211 4343 339 4412 exemplo
360 4342 549 4398 commendari
567 4346 714 4398 monuerat
732 4343 863 4399 Koehins.
902 4341 942 4398 ef.
961 4341 1036 4396 intra
1053 4359 1080 4411 p.
1099 4354 1192 4400 uxum
1203 4341 1257 4410 sqq}

282 4429 324 4500 **)
344 4432 387 4502 [ln
406 4430 450 4488 ed.
470 4431 519 4486 alt.
538 4431 707 4486 Ritsoheliua
732 4431 808 4500 Opus
830 4434 929 4498 factost
950 4431 1054 4484 uiatico
1077 4427 1200 4484 servavit
1223 4429 1252 4482 in
1277 4444 1355 4498 prae·

212 4519 293 4588 santi,
311 4521 378 4589 quia
396 4521 497 4578 melius
514 4519 637 4575 nendum
655 4519 800 4574 inventum
819 4518 957 4588 videbat]

265 4627 306 4663 aa.
326 4629 475 4693 arcessatur
494 4627 627 4664 oevscvnn
644 4627 670 4663 ν.
1108 4610 1142 4658 22
