3332 5074
527 447 792 495 anannsrrosrs
817 447 1023 495 ensvrrssa.
1282 432 1345 496 441

299 641 705 656 ..........
741 590 970 655 demonstretis
993 593 1048 672 qui
1071 611 1143 654 eam
1166 591 1347 655 abstulerit.

300 747 796 762 ............
830 701 859 763 εἴ
883 699 1006 782 amant,
1030 698 1192 782 sapienter
1213 697 1347 762 faciunt.

299 855 796 870 ............
825 805 852 868 tt
876 806 991 870 amabo
1016 808 1049 869 et
1072 810 1104 868 te
1128 806 1347 889 amplexabor.

205 945 268 1012 Sed
291 948 388 1013 etiam
413 947 446 1012 in
471 947 643 1013 trochaicis
667 947 879 1034 iambicisque
898 947 1044 1012 versibus
1064 947 1201 1012 alteram
1221 947 1347 1012 solutae

201 1053 283 1118 arsis
310 1053 471 1139 syllabam
503 1053 550 1118 sic
577 1075 647 1118 esse
671 1075 743 1117 cum
766 1051 859 1116 biatu
883 1056 1067 1137 correptam
1090 1055 1233 1120 nondum
1256 1056 1347 1137 potui

73 1187 81 1200 ·
203 1159 281 1224 mihi
306 1160 511 1244 persuadere:
545 1181 612 1223 non
634 1159 667 1223 id
691 1159 787 1223 aliam
813 1159 855 1224 ob
878 1181 1041 1244 caussam,
1071 1183 1167 1246 qnam
1191 1160 1275 1246 quod
1299 1165 1346 1224 ta·

206 1265 286 1329 lium
311 1269 529 1352 exemplorum
557 1267 659 1331 nimia
687 1266 721 1331 in
749 1265 877 1331 circiter
900 1266 1018 1352 viginti
1041 1268 1174 1332 milibus
1197 1291 1347 1332 versuum

202 1373 348 1456 paucitas
373 1377 431 1438 est.
476 1373 589 1459 Itaque
617 1373 824 1437 vehementer
854 1373 967 1438 dubito
990 1397 1069 1440 num
1093 1371 1172 1440 darie
1194 1395 1292 1438 caum
1316 1378 1348 1438 et

202 1479 255 1543 trid
278 1480 415 1560 irrsarnia
439 1480 517 1545 ratis
541 1479 615 1543 fidei
639 1478 782 1544 habeant
805 1478 921 1544 Bacch.
940 1479 970 1561 Ι,
997 1483 1025 1565 1,
1051 1481 1090 1547 17
1114 1485 1147 1546 et
1170 1481 1227 1564 111,
1249 1483 1276 1565 1,
1300 1483 1348 1550 14,

202 1586 257 1669 qui
281 1608 393 1652 versus
417 1586 526 1652 nescio
551 1608 593 1650 an
617 1585 664 1650 sic
686 1608 752 1650 non
775 1585 977 1651 incommode
1001 1587 1200 1652 scribantur:

292 1714 382 1794 Driaa
405 1751 452 1794 nac
474 1750 573 1792 unum
599 1725 750 1812 expetitis
773 1728 974 1811 palumbem:
998 1727 1105 1814 idw)
1129 1731 1252 1796 arundo
1276 1732 1347 1796 alas

1055 1837 1218 1902 uerberat:

291 1932 365 2006 Tria
388 1941 482 2029 ta**)
506 1942 640 2007 infamisi
662 1941 771 2006 fecisti
795 1941 1018 2027 gerulifigulos
1042 1943 1160 2028 flagiti:

201 2105 278 2148 nam
301 2084 334 2148 in
357 2084 465 2169 priore
483 2085 567 2166 perii
589 2087 700 2168 potest
722 2083 909 2168 interpretis
929 2105 997 2149 esse
1016 2086 1226 2168 proverbium
1246 2089 1346 2173 expli·

202 2189 314 2255 cantis.
360 2189 435 2255 Non
464 2190 629 2256 difficilius
653 2194 703 2256 est
725 2190 849 2256 inserto
872 2213 923 2274 epo
948 2191 1044 2257 Marc.
1068 2191 1108 2276 V,
1133 2195 1163 2276 2,
1186 2195 1207 2260 4
1231 2194 1347 2260 tollere

200 2296 284 2362 (trimi
306 2303 386 2362 crat:

290 2437 386 2504 Domi
405 2444 476 2505 erat
494 2441 580 2525 quod
599 2436 736 2526 ego***)
751 2439 988 2525 quaeritabam:
1008 2443 1062 2506 se‘x
1078 2443 1198 2507 sodalis
1212 2443 1347 2528 repperi.

201 2581 404 2666 Quamquam
432 2582 470 2647 de
498 2582 560 2648 hoc
589 2582 789 2668 singularem
817 2583 859 2648 ob
883 2607 1032 2649 caussam
1056 2585 1180 2650 cautius
1204 2583 1346 2650 iudican-

201 2688 276 2753 dum
301 2692 359 2754 est
404 2687 490 2754 Nam
515 2711 586 2753 cum
612 2687 848 2774 eadem'ratio,
871 2711 935 2775 qua
959 2691 1166 2756 continentur
1188 2688 1348 2755 radiabas

201 2801 234 2860 et
257 2795 332 2860 adm
354 2795 453 2875 habes,
476 2797 562 2861 inter
585 2796 668 2860 dorni
691 2802 735 2861 est
757 2799 790 2860 et
812 2797 935 2861 ἀόηιῦφη
960 2803 1003 2862 cst
1027 2796 1215 2880 intercedat,
1237 2801 1431 2861 tamencum

201 2925 273 2966 cum
307 2903 368 2967 hoc
401 2907 564 2987 postremo
597 2902 682 2986 quod
716 2903 896 2986 comparari
929 2907 1040 2986 queat,
1073 2924 1111 2965 ex
1143 2902 1346 2986 undeviginti

201 3007 507 3074 fabulis-Plautinis
536 3009 616 3073 nibil
646 3009 810 3092 recordor,
842 3009 877 3073 in
900 3027 964 3073 una
987 3007 1168 3074 Mercatore
1191 3007 1259 3072 scio
1283 3009 1348 3072 tria

201 3115 348 3200 exempla
371 3119 497 3181 exstare
521 3115 545 3200 Ι,
564 3117 594 3199 2,
613 3115 665 3180 69.
693 3115 734 3198 ΙΙ,
753 3117 783 3199 4,
805 3117 853 3180 ll.
881 3114 921 3199 V,
940 3117 969 3200 2,
988 3117 1047 3180 47:

292 3258 394 3322 Teium
417 3259 564 3323 amicam.
611 3254 695 3334 Quid
719 3257 813 3322 eam?
858 3256 958 3321 Vidit.
1006 3255 1121 3321 Vidit?
1144 3279 1204 3321 uae
1227 3256 1346 3321 misero

1054 3365 1144 3430 misi.
1365 3343 1372 3381 Ἰ

292 3470 394 3534 Teium
417 3470 565 3536 amicam.
597 3470 745 3537 Nimium
768 3473 905 3536 multum
931 3469 1004 3536 scis.
1038 3471 1118 3537 Tuis
1141 3469 1302 3556 ingratiis.

294 3575 395 3640 Trium
418 3577 564 3641 amicam.
594 3577 678 3654 Quid
703 3580 796 3643 eam?
812 3559 885 3644 'Vbi
909 3577 961 3662 sit,
984 3579 1044 3664 rigo
1069 3578 1144 3644 scio.
1178 3576 1268 3642 Tune
1292 3579 1347 3642 rib-

1055 3685 1169 3751 sacro?

202 3807 282 3872 Tam
305 3807 385 3873 baec
409 3808 548 3893 gemella
571 3813 660 3893 sunt,
688 3814 724 3875 ut
752 3811 791 3875 de
818 3810 1007 3896 integritate
1032 3811 1210 3894 scripturae
1234 3810 1288 3874 vix
1312 3810 1347 3873 li-

202 3920 273 3978 ceat
296 3914 452 3980 dubitare.
483 3915 596 4000 ltaque
620 3917 682 3981 hoc
706 3939 800 3982 omne
823 3917 911 3982 illius
935 3918 1134 4004 quaestionis
1159 3917 1346 4000 opportuni·

203 4021 262 4086 tati
287 4023 516 4088 reservandum
540 4027 603 4108 est,
631 4046 695 4107 qna
719 4024 797 4108 quid
819 4023 854 4088 in
876 4023 1058 4090 Mercatore
1081 4047 1100 4089 a
1124 4023 1275 4105 Plautino
1300 4021 1346 4084 in·

202 4127 297 4212 genio
322 4132 354 4191 et
376 4151 437 4192 usu
461 4127 645 4212 abhorreat,
669 4130 866 4214 expendetur
889 4129 1080 4195 accuratius.

204 4235 416 4246 ——-.-.....

308 4285 335 4354 ⁸)
355 4285 409 4357 [Gi.
428 4287 523 4340 annot.
542 4285 578 4340 ad
597 4285 672 4340 hunc
691 4301 801 4340 versum
820 4287 850 4341 et
867 4284 957 4341 Musei
976 4285 1063 4338 Rhen.
1083 4283 1134 4337 x11
1153 4302 1179 4354 p.
1200 4285 1272 4354 tiit]

290 4371 331 4442 ··)
352 4372 449 4444 [Tuud
466 4371 537 4428 Nor.
557 4387 616 4428 exc.
634 4371 727 4430 Plaut
746 4375 804 4443 lp.
824 4373 879 4442 stt]

273 4461 331 4530 m)
350 4460 394 4532 [In
412 4461 535 4518 editione
554 4462 629 4516 dorni
646 4462 677 4516 id
694 4467 753 4516 erat
771 4464 844 4532 quod
857 4461 935 4517 dedit
949 4460 1118 4516 Ritschelius
1136 4460 1237 4514 notans
1256 4461 1345 4516 Lach-

204 4565 335 4604 mannum
354 4548 384 4604 in
402 4551 484 4606 Luor.
503 4569 530 4621 p.
551 4551 628 4622 lta}
