3306 5070
304 420 368 486 698
530 437 764 486 nsrnmrscun
789 423 1014 502 arsenoiten,
1037 435 1232 495 conusens,

864 653 894 716 3.

347 791 527 858 Studien·
558 793 635 858 und
666 791 980 878 Sittennaugniss
1011 792 1092 858 dem
1125 792 1408 874 Preussischen

347 900 620 985 Kronprinzen
651 899 856 965 Friedrich
888 899 1074 965 Wilhelm
1107 901 1208 965 baim
1241 899 1408 985 Abgang

434 1029 507 1073 ron
530 1008 596 1072 der
619 1007 872 1073 Universitht
896 1005 1002 1072 Bonn
1025 1005 1317 1093 ausgestellt*)

392 1167 579 1234 Celsissimo
603 1167 725 1253 Regiae
753 1167 868 1232 domus
897 1167 1090 1232 Borussicae
1113 1163 1122 1247 l}
1144 1166 1288 1253 Principi
1312 1165 1315 1183 '
1344 1167 1452 1233 Fridc

305 1275 374 1340 rico
404 1274 566 1341 Guilelmo
594 1273 603 1360 ξ]
632 1275 845 1340 commilitoni
874 1297 933 1340 suo
961 1273 1236 1362 generosissimo!
1270 1273 1300 1340 S.
1324 1275 1359 1340 P.
1382 1273 1420 1340 D.
1443 1275 1453 1337 l

303 1380 425 1466 Regiae
448 1381 680 1448 Vniversitatis
705 1381 896 1447 Fridericiae
927 1379 1119 1446 Guilelmiae
1150 1377 1159 1468 l,
1189 1381 1309 1447 Rector
1340 1387 1372 1447 et
1395 1381 1449 1448 Se-

301 1492 408 1554 natus.

391 1594 553 1671 Quoniam
575 1594 609 1660 in
633 1616 671 1660 eo
695 1616 738 1678 cs,
763 1593 917 1678 Princeps
940 1593 1136 1680 celsissime,
1159 1598 1196 1660 ut
1213 1594 1389 1661 discessum
1409 1619 1447 1662 ex

299 1701 368 1785 hac,
392 1702 483 1767 cuius
506 1725 564 1788 per
583 1701 749 1766 biennium
773 1699 972 1767 consortium
996 1700 1210 1786 participasti,
1234 1701 1448 1768 universitate

300 1830 406 1894 pares,
435 1830 501 1874 non
530 1807 628 1874 officii
657 1812 787 1873 tautum
815 1808 996 1892 sanctitati,
1028 1808 1083 1872 sed
1106 1807 1169 1892 ipsi
1193 1809 1293 1872 animi
1317 1809 1446 1874 affectui

299 1919 411 1981 nostro
443 1916 642 1997 deessemus,
678 1914 742 1979 nisi
773 1918 807 1979 et
836 1913 1013 1979 honorifico
1048 1934 1175 1978 morum
1205 1914 1449 2000 studiorumque

299 2022 490 2089 testimonio
521 2021 631 2086 debita
659 2021 775 2086 virtuti
804 2021 951 2105 praemia
979 2020 1198 2086 conferremus
1226 2021 1328 2086 veteri
1350 2025 1448 2105 atque

302 2130 438 2216 antiquo
467 2129 620 2194 instituto
652 2127 849 2213 academicO,
880 2132 913 2192 et
942 2117 1037 2193 rotis¹
1059 2127 1271 2212 pientissimis
1304 2135 1371 2193 tam
1401 2130 1449 2193 in-

304 2238 438 2302 lustrem
472 2237 575 2301 civem
607 2238 739 2322 tamque
773 2257 883 2300 carum
916 2236 1010 2300 nobis
1043 2239 1140 2319 caput
1172 2257 1450 2320 prosequeremur.

300 2343 361 2420 Qui
387 2344 442 2408 ubi
464 2343 564 2430 Regis
588 2341 824 2428 Augustissimi
854 2343 988 2408 summis
1013 2343 1167 2428 auspiciis
1192 2342 1448 2426 sapientissimo·

299 2472 361 2536 quc
381 2449 641 2515 Celsissimorum
661 2450 837 2515 Parentum
862 2449 998 2513 consilio
1022 2452 1119 2533 atque
1143 2449 1336 2515 auctoritate
1355 2472 1448 2536 prae·

300 2559 350 2620 ter
379 2555 460 2621 alias
490 2557 523 2621 in
555 2557 718 2622 communi
750 2556 855 2640 patria
885 2553 1052 2619 Musarum
1086 2555 1178 2620 sedes
1211 2554 1294 2620 hanc
1327 2556 1448 2621 almam

300 2661 493 2728 Rhenanam
521 2663 670 2747 petebas,
700 2663 746 2727 uti
770 2662 929 2726 bonarum
953 2661 1072 2726 artium
1096 2663 1163 2726 acri
1187 2661 1383 2726 tractatione
1406 2663 1447 2727 ad

301 2791 430 2834 omnem
458 2769 696 2835 humanitatem
733 2772 875 2832 mentem
903 2767 1005 2831 Tuam
1036 2766 1215 2833 liberaliter
1244 2769 1448 2856 informares,

299 2877 368 2940 fieri
391 2899 456 2941 non
475 2877 584 2962 potuit
607 2875 685 2960 quin
704 2879 737 2940 et
756 2875 913 2959 singulari
937 2873 1030 2938 nobis
1050 2873 1166 2939 honori
1185 2880 1252 2939 tam
1271 2876 1446 2962 ingenuam

301 2983 451 3048 fiduciam
474 2985 509 3047 in
532 2987 645 3048 nostra
668 2982 874 3066 potissimum
895 2980 1066 3066 disciplina
1085 2982 1225 3064 positam
1249 2984 1447 3070 duceremus,

299 3095 332 3154 et
360 3112 449 3174 spem
479 3089 745 3155 iucundissimam
775 3088 1031 3172 conciperemus,
1059 3086 1128 3152 fore
1156 3091 1192 3152 ut
1219 3111 1291 3154 cum
1315 3087 1385 3154 Tua
1407 3091 1447 3155 de

297 3197 394 3263 nobis
422 3200 492 3261 tum
522 3195 560 3260 de
587 3195 632 3260 Te
664 3199 777 3261 nostra
807 3195 1005 3279 exspectatio
1036 3195 1170 3278 optimis
1200 3177 1360 3261 fructibus
1392 3220 1444 3262 ex-

298 3303 449 3388 pleretur.
496 3301 592 3368 Talea
620 3302 745 3366 fructus
774 3301 860 3386 quod
887 3323 973 3366 nunc
1001 3301 1036 3364 in
1060 3299 1120 3386 Te,
1148 3286 1307 3388 Princeps·
1326 3301 1445 3368 Celsia-

299 3465 510 3472 *—

386 3549 412 3618 *)
438 3547 546 3617 [Diescs
571 3546 706 3616 Zeugniss
729 3546 824 3600 wurde
848 3545 957 3601 damals
981 3547 1032 3604 aul
1054 3547 1145 3604 einem
1173 3549 1329 3604 besondcrn
1355 3550 1446 3606 Folio-

298 3639 403 3707 bcgcn,
429 3636 556 3691 dancben
581 3635 654 3689 auch
680 3635 709 3688 in
735 3633 884 3690 deutscher
913 3635 1121 3708 Uebersetzung
1146 3637 1360 3693 verdffentlicht.
1406 3637 1444 3694 Es

297 3743 363 3796 mag
381 3725 427 3781 bai
446 3725 537 3779 dieser
551 3723 736 3795 Gelegenheit
750 3723 800 3777 das
815 3723 979 3794 Epigramm
993 3725 1168 3795 mitgctheilt
1185 3727 1305 3794 werden,
1324 3725 1445 3782 welches

296 3813 406 3868 damals
425 3813 536 3868 Ritachl
551 3813 648 3867 Seiner
662 3811 774 3884 Konigl.
789 3811 895 3868 Hohait
912 3813 955 3868 ins
975 3813 1158 3870 Stammbnch
1177 3813 1323 3870 schreiben
1336 3814 1443 3870 dnrl’se:

334 3921 441 3975 ‘Wenn
464 3919 503 3973 im
526 3919 678 3974 modemen
702 3918 827 3974 Gcwand
852 3919 912 3974 sich
936 3919 981 3976 die
1000 3919 1078 3975 Musa
1098 3921 1147 3974 Dir
1166 3919 1374 3977 schmeiohclnd
1391 3937 1443 3976 ans

1059 4009 1130 4064 Hera
1148 4011 1217 4080 lcgt,

386 4097 484 4152 Bleiba
504 4095 553 4151 der
571 4097 741 4152 classischen
760 4098 832 4152 auch
851 4096 988 4166 gastliche
1007 4097 1100 4154 suste
1118 4102 1268 4170 vergdnnt3

334 4187 422 4242 Nioht
439 4187 469 4241 in
486 4185 619 4240 Paltsten
637 4185 724 4241 allein
742 4186 799 4240 und
818 4185 921 4242 Hallcn
939 4187 997 4242 und
1015 4187 1240 4244 schimmernden
1259 4189 1389 4256 Btihnen‚

388 4277 452 4330 Wie
471 4275 512 4330 sie
531 4275 594 4328 dem
615 4273 790 4344 Kdnigessitn
809 4275 954 4346 koniglich
974 4275 1110 4331 ‘Wcrde'
1129 4273 1261 4331 verleiht:

333 4365 412 4420 huch
432 4363 461 4418 in
479 4365 528 4418 der
547 4365 629 4419 Stille
648 4364 698 4418 der
717 4363 808 4434 Brust,
828 4381 870 4418 wo
890 4365 929 4420 sie
949 4369 1033 4434 eruat,
1050 4365 1230 4421 harmonisch
1248 4366 1305 4420 und
1325 4367 1387 4422 edel

387 4453 478 4508 Ucber
497 4453 545 4507 der
564 4453 660 4510 Zeiteu
679 4451 786 4509 Gewirr
804 4452 891 4509 hebet
910 4455 954 4510 ein
973 4453 1066 4528 sinnig
1084 4453 1227 4511 Gemdth.’
