3318 5072
503 387 576 437 DVO
600 387 866 438 Paouannueun
890 388 1078 436 Pnsvrmn.

564 621 688 687 chvs.
734 620 1025 688 Asrnnonrunas.

733 779 856 846 chvs

268 902 311 968 Di
335 903 428 970 illum
450 903 615 970 infelicent
638 907 759 990 dmum,
783 905 838 990 qui
862 908 938 989 post
960 904 1045 970 hdne
1068 903 1153 970 diem

1301 369 1363 436 561

267 1009 355 1076 Leno
378 1012 477 1076 ullam
500 1011 621 1078 Veneri
643 1034 798 1098 umquam
821 1009 1000 1078 immolarit
1021 1010 1172 1096 hdstiam,
1299 1075 1301 1078 .

268 1115 372 1192 Quiue
395 1118 496 1183 nillum
519 1119 602 1184 turis
625 1118 764 1204 granum
786 1117 1034 1183 sacrufieeiuerit.

266 1222 352 1288 Nam
376 1245 437 1310 ego
459 1225 555 1290 hddie
578 1225 691 1290 infelix
714 1222 783 1290 deis
807 1224 888 1290 meis
912 1221 1108 1290 iratissumis

267 1327 328 1394 Sex
352 1331 455 1414 dgnus
478 1331 648 1397 immoldui
670 1353 730 1398 nee
753 1328 850 1416 potur'
869 1335 978 1397 tamen

266 1433 444 1520 Propitiarn
469 1435 628 1502 Venerem
650 1436 759 1502 fecere
781 1438 829 1502 uti
852 1437 918 1502 iam
941 1439 1028 1503 esset
1050 1437 1140 1502 mihi.

267 1541 425 1619 Quonidm
447 1543 541 1608 litare
564 1545 698 1629 nequeo,
721 1565 782 1630 ego
805 1543 871 1608 abii
894 1544 977 1608 illim
1000 1541 1076 1609 ssieo

265 1649 386 1714 Irdtus:
410 1654 485 1716 exta
507 1652 599 1716 u6tui
622 1651 823 1736 prosiedriar.

165 1779 167 1784 ·
265 1756 315 1822 Eo
337 1759 433 1842 picto
458 1779 574 1823 auarae
599 1757 719 1824 Ve'neri
741 1759 853 1844 pulcre
877 1755 945 1822 adii
966 1780 1109 1824 manum.

266 1861 401 1939 Quando
424 1861 458 1929 fd
481 1865 566 1950 quod
590 1867 642 1930 sat
665 1869 735 1930 erat
758 1865 839 1930 stitis
863 1864 983 1929 habere
1006 1864 1120 1947 adluit,

265 1969 337 2056 Ego
361 1974 497 2055 pausam
520 1971 589 2036 feci.
627 1969 673 2036 sie
698 1991 769 2056 ago,
792 1971 838 2036 sie
862 1971 913 2035 md
936 1970 1035 2035 decet.

265 2077 337 2162 Ego
360 2077 435 2142 faxo
458 2077 597 2162 posthae
617 2075 675 2148 ¹dei
696 2078 838 2163 deaeque
861 2077 960 2141 ceteri

265 2181 491 2250 Conte'ntiores
515 2185 609 2270 mdge
633 2187 728 2249 erunt
751 2187 847 2268 atque
871 2179 962 2247 auidi
982 2181 1097 2264 minus,

266 2289 349 2367 Qum
374 2289 508 2356 scibant
530 2290 650 2356 Veneri
674 2295 711 2355 ut
733 2289 849 2354 ddierit
872 2289 945 2353 land
969 2311 1111 2354 manum.

265 2395 432 2483 Condigne
454 2397 630 2483 haruspex,
652 2400 718 2462 n6n
740 2397 839 2463 homo
862 2395 1008 2474 tridboli,

264 2502 423 2570 Omm'bus
447 2505 482 2570 in
504 2505 586 2570 extis
610 2501 702 2570 artat
723 2501 875 2587 portendi
897 2501 977 2567 mihi

156 2641 162 2652 ¹
263 2609 386 2676 Malum
410 2611 627 2697 damnumque
650 2615 683 2676 et
706 2612 783 2676 deda
806 2633 878 2676 esse
900 2609 1002 2676 irat6s
1025 2611 1115 2674 mihi.

264 2717 348 2794 Quid
372 2716 405 2782 ei
424 2718 526 2785 diuini
548 2722 606 2784 aut
627 2718 762 2783 hdmani
785 2721 956 2802 aequomst
978 2716 1127 2781 eredere?
1167 2711 1171 2721 ¹

263 2825 348 2892 Nam
372 2824 460 2890 mina
483 2824 528 2888 mi
552 2823 680 2910 argenti
704 2823 788 2890 ddno
812 2823 944 2908 poetilld
967 2823 1083 2888 datast.

264 2929 325 2997 Sed
349 2935 468 3017 quaeso
488 2933 622 2997 ubinam
646 2931 715 2996 illie
738 2932 861 2997 restitit
884 2932 985 3016 miles,
1008 2929 1103 2995 modo

1309 2948 1362 2999 470

264 3039 326 3115 Qui
350 3038 434 3103 hane
456 3035 537 3102 mssri
561 3038 703 3124 donauit,
726 3061 822 3124 quem
845 3041 906 3124 e‘go
930 3038 1045 3104 uocaui
1068 3037 1107 3104 ad
1131 3037 1328 3121 prdndium?

263 3141 326 3210 Sed
348 3144 458 3210 eccum
481 3145 610 3211 incedit.

644 3270 936 3339 Annnuonrunns.

734 3361 785 3441 ita
808 3381 846 3441 ut
868 3375 978 3459 occepi
1002 3374 1117 3460 dicere,

263 3483 405 3567 Lamina,
428 3483 467 3548 de
489 3483 566 3547 illae
588 3486 698 3569 pdgna
719 3481 1003 3566 Ptenanthrdpiea,

264 3591 369 3669 Quom
392 3591 563 3676 sexaginta
586 3587 678 3654 milia
700 3589 869 3655 hominum
892 3591 957 3654 und
982 3588 1034 3653 die

262 3696 484 3764 Voldtieorum
506 3697 657 3762 mdnibus
680 3693 787 3762 occidi
807 3695 887 3760 meis

728 3821 851 3888 Lrevs.
968 3803 978 3820 ⁸

261 3931 344 4014 Eho,

262 4037 526 4104 Voltticorumne
550 4035 740 4102 hdminum?

645 4161 934 4227 Anrnnoanmns.

802 4268 854 4332 Ita
876 4267 966 4333 deind
989 4266 1125 4351 quidem.

726 4372 850 4440 chvs.

262 4482 316 4547 An
339 4483 473 4548 6bseero
497 4503 633 4565 usquam
657 4483 733 4544 sunt
754 4479 902 4545 homines
926 4480 1081 4547 uoldtici?

270 4605 311 4640 ra.
330 4603 479 4640 arreonnnn
497 4603 634 4640 orvecvan
651 4601 676 4638 v.
1114 4591 1147 4642 36
