3332 5074
286 389 351 454 478
575 405 834 470 inobsequens
859 408 906 455 os
931 407 1142 458 an'rromnvs

285 549 368 630 quid.
415 548 571 625 Qualibus
604 550 696 615 facile
727 552 923 636 perspicitur
953 574 1010 618 cur
1039 553 1188 636 eandem,
1211 573 1308 638 quum
1333 574 1432 637 supra

286 655 395 719 allatis
424 655 501 719 Hoe'
523 657 625 720 souitu
653 657 720 722 med
739 658 860 724 moretm
883 658 1017 724 mittet
1040 658 1128 724 Haec
1154 660 1226 724 oues
1252 659 1339 724 uobb
1368 681 1433 724 mu

286 763 350 827 lum
372 783 437 827 rem
461 761 521 848 (du
545 766 577 827 et
600 763 669 850 αβ),
693 765 936 830 excusationem
959 786 1026 828 non
1050 764 1268 832 adhibeamus.
1307 763 1432 850 Quippe

286 869 346 934 hoc
370 869 507 934 interest
530 871 629 956 quod,
662 872 690 935 si
718 871 935 956 praemissum
960 872 1026 936 sive
1049 871 1204 936 creticum
1229 872 1296 935 sive
1320 872 1432 936 cretici

285 975 424 1041 formam
444 977 596 1042 vicariam
616 978 828 1061 separaveris,
851 957 938 1042 omni
958 977 1136 1042 offensione
1157 999 1291 1043 vacuum
1312 979 1431 1044 senarii

285 1082 415 1147 initium
439 1083 597 1166 praebent
619 1083 695 1147 Meo'
715 1084 835 1148 mortim
858 1083 937 1148 mibi
960 1087 993 1147 et
1017 1084 1108 1150 Vobis
1129 1084 1248 1150 molam
1269 1105 1342 1169 rem,
1365 1107 1430 1150 nou

285 1190 443 1273 praebent
465 1189 604 1274 Roqitds,
627 1183 728 1256 nescio
750 1191 827 1273 quid
848 1195 881 1255 et
901 1191 1002 1270 Video,
1015 1194 1132 1274 pernix
1148 1213 1230 1258 uem:
1253 1191 1288 1256 in
1312 1193 1429 1277 quibus

285 1297 337 1361 vix
361 1298 441 1361 satis
461 1298 552 1382 gravi
571 1298 841 1382 interpunctione,
864 1303 901 1363 ut
919 1300 953 1364 in
973 1299 1128 1383 exemplis
1149 1315 1323 1384 pccxxrlr
1335 1300 1429 1380 [458]

142 1427 269 1468 ocxnvn
284 1405 443 1487 tractatis
466 1406 507 1469 ab
531 1408 707 1488 anapaesto
731 1405 893 1488 spondeus
916 1404 1088 1471 dirimitur.
1124 1405 1328 1490 Quamquam
1351 1405 1431 1470 haec

285 1510 415 1594 quidem
439 1510 598 1576 eiusmodi
621 1533 691 1576 esse
715 1513 934 1596 concedimus,
961 1516 1011 1596 ut,
1034 1515 1247 1598 posteaquam
1271 1513 1310 1578 de
1333 1513 1429 1598 longe

283 1616 433 1700 plurimis
461 1617 591 1682 licuerit
617 1623 670 1684 sat
697 1623 784 1683 certo
813 1623 846 1682 et
868 1619 1066 1684 confidenter
1089 1622 1247 1703 statuere,
1277 1620 1335 1684 illa
1357 1621 1431 1704 ipsa

285 1721 414 1787 demum
442 1724 601 1790 lubricam
622 1720 900 1790 'existimationem
930 1725 1073 1792 habeant
1100 1730 1133 1789 et
1161 1726 1294 1796 dubiam
1317 1748 1428 1791 eorum

284 1829 406 1915 finium,
425 1853 506 1916 quos
526 1831 611 1896 ultra
630 1831 775 1916 citraque
794 1834 934 1916 nequeat
952 1831 1128 1897 consistere
1142 1837 1276 1918 rectum,
1296 1833 1427 1916 discrip-

285 1937 415 2002 tionem.
462 1938 615 2024 Idemque
638 1939 712 2004 volo
737 1938 775 2004 de
799 1938 855 2003 illo
878 1961 974 2004 versu
996 1939 1118 2004 dictum
1142 1960 1222 2024 esse,
1244 1961 1339 2023 quem
1362 1940 1427 2005 iam

283 2067 313 2128 p.
338 2060 492 2110 ccxxxm
516 2045 608 2126 [469]
633 2045 742 2130 tetigi,
765 2043 853 2110 Trin.
872 2046 950 2110 661:

371 2185 503 2272 Perpeti
524 2190 663 2272 nequeo:
688 2187 783 2251 simul
807 2187 898 2272 pige‘t
921 2191 1036 2270 panim
1060 2187 1179 2272 pudere
1201 2193 1245 2253 te.

282 2326 369 2392 Nam
392 2351 464 2394 cum
483 2352 549 2394 non
568 2328 672 2413 possit
692 2352 768 2395 sane
787 2351 853 2394 non
871 2329 1107 2394 dubitationem
1127 2352 1255 2396 movere
1274 2337 1429 2416 quattuor

282 2439 501 2518 oxytonorum
535 2435 727 2522 cumulatio,
764 2441 873 2502 tamen
911 2437 1043 2502 difficile
1075 2437 1163 2501 dictu
1196 2443 1247 2502 est
1279 2440 1355 2522 quid
1388 2463 1426 2504 eo
1546 2435 1551 2448 ’

282 2562 378 2605 versu
385 2592 394 2625 ,
418 2543 547 2626 qualern
571 2543 696 2608 codices
720 2544 886 2629 exhibent,
909 2543 1094 2609 faciendum
1117 2543 1173 2608 sit:

370 2683 502 2770 Perpeti
524 2707 660 2770 nequeo:
684 2687 782 2751 simul
806 2709 857 2752 me
878 2686 971 2773 piget
992 2709 1107 2770 parum
1130 2687 1250 2770 pudere
1272 2692 1319 2754 te:

282 2825 315 2890 in
331 2847 394 2910 quo
409 2829 570 2894 mordicus
584 2829 758 2895 tenendum
773 2835 837 2913 est,
851 2829 936 2914 quod
952 2852 981 2913 p.
992 2847 1152 2895 cxxxvm
1168 2829 1261 2910 [385]
1268 2829 1300 2916 *)
1316 2830 1424 2896 docui-

281 2953 362 3018 mus,
388 2955 453 3009 non
476 2957 571 3018 posse
594 2957 653 3019 pro
676 2935 800 3001 duabus
820 2936 974 3000 brevibus
991 2937 1076 3019 prpet
1094 2957 1172 3000 esse.
1209 2935 1301 3001 Nihil
1326 2937 1426 3023 igitur

280 3039 430 3103 relictum
446 3062 516 3105 esse
534 3039 626 3106 video
644 3041 709 3106 nisi
723 3045 767 3124 ut,
783 3043 837 3126 qui
852 3044 1024 3125 repetitam
1039 3041 1243 3126 orytonesim
1257 3041 1425 3109 ferendam
1468 3041 1480 3060 ‘

280 3167 350 3210 esse
378 3152 488 3233 neget,
522 3149 783 3233 monosyllabum
811 3150 907 3214 sirual
930 3148 1017 3214 vocis
1041 3148 1340 3232 pronuntiationem
1363 3149 1426 3216 hue

280 3253 436 3339 asciseat,
465 3277 546 3340 quae
578 3257 612 3320 in
644 3255 784 3320 medium
815 3256 1037 3340 septenarium
1064 3255 1163 3319 etiam
1190 3256 1248 3320 illo
1277 3254 1424 3340 exemplo

282 3359 395 3424 incidit
417 3360 502 3446 quod
525 3385 555 3446 p.
580 3379 698 3428 exuvn
722 3361 816 3444 [393]
840 3361 1020 3427 attulimus.

370 3465 521 3534 Ceterum
546 3491 731 3552 paucarum,
754 3491 834 3552 quas
856 3490 922 3534 aon
946 3469 1051 3552 attigi,
1074 3469 1253 3534 formarum
1278 3471 1425 3556 exempla

279 3573 312 3638 iu
336 3574 409 3638 aliis
433 3574 554 3638 fabulis
578 3574 635 3640 alii
660 3579 831 3660 quaerant:
855 3574 1044 3662 quarumsi
1066 3597 1165 3640 unam
1188 3580 1221 3641 et
1244 3578 1323 3644 item
1346 3579 1425 3643 alte·

279 3703 350 3744 ram
381 3701 490 3744 carere
521 3682 666 3764 exemplo
697 3681 898 3766 apparuerit,
930 3704 1007 3746 casu
1035 3681 1158 3746 factum
1186 3685 1315 3766 putato:
1347 3706 1422 3748 nam

278 3787 399 3853 rationi
423 3789 514 3853 nulla
536 3792 704 3874 repugnat.

370 3911 432 3978 Sed
456 3915 596 3979 nondum
621 3916 781 3999 permensi
805 3937 915 3980 sumus
939 3916 1195 3999 septenariorum
1219 3915 1305 3979 initii
1322 3936 1423 3999 prope

278 4021 442 4086 infinitam
466 4021 666 4086 varietatem.
708 4019 846 4086 Restant
870 4023 956 4086 eninr
980 4044 1036 4086 eae
1059 4021 1193 4107 formae,
1216 4043 1298 4106 quae
1322 4021 1422 4086 conti-

278 4134 379 4194 nuato
402 4150 461 4214 per
482 4133 651 4212 utramque
675 4133 801 4212 partem
825 4150 888 4194 uno
912 4127 1070 4194 vocabulo
1094 4131 1237 4214 oxytono
1262 4127 1352 4192 fiunt.
1393 4123 1422 4192 Ε

278 4256 342 4317 quo
367 4255 484 4319 genere
507 4233 567 4298 bas
590 4235 715 4299 notavi:

366 4515 393 4582 *)
413 4514 473 4583 [ubi
492 4514 556 4570 vide
574 4513 804 4584 annotationem]
