3332 5074
545 421 811 470 uumosrroms
834 423 1040 472 salvantia.
1304 405 1368 471 411

318 565 417 650 Dedi,
439 587 607 650 reposcam
626 569 663 630 ut
680 565 820 632 hdbeam
839 587 964 632 mecum
983 565 1068 650 qudd
1087 566 1189 632 feram
1208 565 1371 632 uidticum.

315 672 398 738 Dedi
421 673 594 738 mercatori
617 671 784 758 quoidam,
807 673 864 758 qui
886 672 927 739 ad
948 673 1041 738 illum
1065 673 1198 740 deferat.

317 779 401 845 Dedi
425 778 545 845 dddum
567 781 759 865 priusquam
782 801 834 845 me
858 778 1041 846 e'uocauistr'
1061 780 1158 847 forae.

315 887 403 998 dam
427 907 487 973 ego
511 889 727 953 aestumatum
750 891 784 953 te
806 885 882 952 huic
905 887 977 954 dedi
1000 886 1123 974 uiginti
1143 887 1251 972 minis,

187 1098 190 1107 ,
226 1030 290 1098 nisi
314 1030 359 1096 ibi
382 1051 443 1114 pro
466 1033 494 1094 te
515 1035 720 1096 aestumatum
742 1029 814 1095 duic
835 1031 917 1113 dedi,
946 1029 1031 1114 quod
1055 1034 1105 1095 est
1127 1029 1162 1095 iu
1184 1028 1292 1114 libris,
1324 1029 1371 1094 sic

226 1136 336 1222 potius
367 1135 604 1203 collocandum:
641 1138 848 1202 aebtrcmatum
877 1133 948 1200 duic
978 1135 1048 1200 deut
1078 1139 1113 1199 te.
1162 1133 1207 1200 Et
1237 1134 1371 1202 mirifice

226 1245 310 1310 hanc
338 1265 523 1310 mensuram
551 1266 742 1330 omnemque
769 1244 876 1328 legem
904 1265 924 1309 a
950 1241 1045 1308 nobis
1074 1241 1263 1327 indagatam
1290 1242 1371 1308 illud

228 1351 399 1417 confirmat
423 1352 517 1438 quod,
541 1374 604 1438 qua
626 1352 753 1416 ratione
777 1349 933 1434 simplicis
956 1347 1031 1414 date
1053 1347 1236 1432 imperativi
1259 1371 1371 1434 proeo-

228 1457 315 1522 diam
348 1459 563 1543 compositum
594 1457 692 1522 baben
726 1459 847 1540 servat,
881 1453 992 1520 eadem
1024 1455 1134 1520 dedic
1167 1453 1288 1520 dictum
1322 1461 1372 1522 est

230 1562 353 1628 duabus
377 1563 529 1629 brevibus
552 1562 647 1648 Epid.
670 1561 710 1647 V,
734 1563 763 1648 2,
787 1563 843 1628 38:

317 1705 423 1772 osuin
446 1707 507 1772 su
529 1707 633 1772 mines
656 1705 793 1792 triginta
816 1706 858 1772 ‹a›
881 1702 1013 1770 uuam?
1048 1703 1168 1770 aseer
1190 1659 1330 1794 euasi)

228 1847 280 1914 Ab
312 1847 364 1913 his
397 1851 520 1932 autem,
552 1870 635 1934 quas
663 1851 739 1914 sunt
766 1847 962 1932 certissima,
994 1846 1155 1931 proficisci
1183 1846 1224 1912 ad
1248 1849 1372 1914 rariora

229 1955 387 2040 quaedam
410 1954 548 2021 tutanda
570 1955 694 2022 licebit:
717 1976 794 2020 nam
814 1977 888 2020 rara
907 1977 1061 2020 essenon
1080 1959 1130 2019 est
1148 1953 1276 2039 mirum,
1298 1977 1370 2020 cum

228 2065 359 2146 praeter
382 2061 498 2127 allatas
521 2060 643 2126 formas
666 2060 864 2145 paucissima
885 2060 920 2124 ia
943 2059 1015 2144 ipsa
1038 2059 1151 2144 lingua
1174 2059 1296 2126 similia
1319 2083 1370 2128 sx-

229 2169 336 2252 empla
359 2171 494 2232 exstent.
539 2167 653 2252 Itaque
675 2187 734 2232 nec
757 2166 841 2232 dart
869 2164 1099 2249 imperativum
1123 2187 1208 2232 nunc
1231 2167 1371 2234 sollicito

228 2274 344 2340 Bacch.
368 2273 394 2359 l,
421 2275 448 2359 1,
471 2275 528 2342 51:

315 2414 402 2482 Ddto
426 2416 481 2502 qui
503 2417 585 2482 bene
609 2415 667 2480 sit:
699 2417 774 2501 ego,
800 2414 856 2480 ubi
879 2416 961 2481 bene
984 2415 1040 2501 sit,
1069 2415 1136 2482 tibi
1159 2418 1266 2484 locum
1289 2419 1367 2504 lepi-

1079 2524 1155 2590 dum
1180 2525 1278 2592 dabo:

228 2689 288 2733 nec
318 2668 404 2732 dart
435 2665 631 2732 obstinatius
660 2685 745 2751 nego
774 2665 892 2752 corripi
914 2667 1060 2751 potuisse
1083 2666 1165 2732 Rud.
1188 2666 1246 2753 IV,
1269 2670 1304 2754 3,
1328 2671 1372 2736 20

201 2773 206 2783 '
232 2773 317 2858 (coll.
341 2772 478 2857 Adelph.
500 2773 604 2856 111,2,
622 2773 671 2838 13.
693 2772 823 2838 Phorm.
847 2771 1021 2860 11,1,31):
1044 2773 1106 2841 hoc
1130 2778 1239 2840 autom
1260 2777 1371 2842 nescio

214 2901 272 2948 an
295 2880 343 2944 uti
365 2880 463 2944 liceat
490 2878 531 2942 ad
553 2882 638 2960 pati
666 2877 900 2944 defendendum
924 2880 959 2944 in
983 2879 1090 2946 Aulul.
1112 2880 1170 2966 IV,
1192 2881 1227 2966 9,
1253 2883 1307 2968 16,
1339 2888 1372 2949 et

230 2988 313 3070 loqui
336 2986 370 3052 in
394 2985 511 3052 Bacch.
534 2983 574 3070 V,
601 2987 627 3070 l,
652 2985 768 3072 18**):

320 3125 415 3194 Certe
437 3126 492 3193 hio
514 3149 615 3212 prope
639 3103 689 3193 me
713 3129 793 3194 mihi
816 3129 926 3196 ne'scio
949 3129 1021 3214 quis
1044 3130 1133 3216 loqui
1156 3129 1269 3196 uisust.
1316 3133 1371 3198 ssd

1081 3258 1176 3322 quem
1199 3235 1317 3304 uideo?

229 3377 435 3461 Quamquam
457 3399 524 3442 noa
546 3376 800 3443 obliviscendum
824 3379 857 3443 in
880 3377 1087 3444 liberioribus
1110 3379 1190 3445 baec
1213 3401 1283 3446 esse
1306 3403 1370 3446 me·
1386 3399 1481 3440 cuxrx

228 3483 287 3550 tris
312 3483 428 3548 omnia.

317 3589 489 3654 Praeterea
512 3588 782 3674 quemadmodum
806 3591 991 3676 ecthlipsim
1015 3614 1087 3658 eum
1106 3593 1302 3678 nominibus,
1323 3595 1372 3661 ita

229 3719 302 3762 cum
320 3696 428 3762 verbis
446 3695 531 3762 hanc
549 3697 786 3781 correptionem
810 3698 1025 3782 particulae
1050 3699 1208 3784 quaedam
1231 3704 1264 3765 et
1286 3700 1371 3766 bre-

227 3803 379 3870 riculae
407 3805 566 3869 voculae
594 3805 681 3870 vitae
704 3827 765 3869 usu
789 3795 925 3869 detritae
948 3826 1153 3873 communem
1174 3807 1368 3891 habuerunt,

228 3910 308 3976 item
338 3909 413 3974 illae
442 3913 475 3975 et
501 3910 682 3995 bisyllabae
713 3914 747 3975 et
774 3911 1008 3995 paenultimam
1039 3912 1171 3978 brevem
1203 3912 1370 3978 habentes.

227 4014 315 4082 Nam
339 4039 413 4082 cum
433 4039 558 4101 semper
576 4021 725 4101 correpta
743 4016 859 4082 ultima
881 4019 958 4086 uisi
979 4021 1224 4102 quasimodo,
1247 4020 1280 4082 et
1302 4040 1371 4083 cor·

229 4179 439 4188 ———--

334 4263 434 4335 ⁸)[Ex
453 4261 627 4317 Addendis
650 4279 677 4332 p.
697 4267 852 4318 cccmus
878 4263 924 4319 ‘in
942 4263 1053 4334 Epidioi
1076 4280 1160 4318 versu
1183 4261 1288 4318 excidit
1309 4280 1369 4334 epo.-

227 4351 322 4407 Deds'n
344 4351 397 4407 tabi
419 4367 467 4422 epo
488 4351 580 4406 minas
601 4351 731 4420 tripinta:
759 4369 859 4421 param
882 4352 956 4408 enim
980 4351 1186 4423 probabilitatis
1209 4351 1370 4408 babituram

227 4439 266 4494 rit
283 4457 318 4494 ex
335 4441 427 4509 Mar,
445 4456 496 4512 pro
515 4455 571 4509 qao
590 4440 674 4495 didm
691 4439 728 4510 B,
746 4439 876 4496 affectum
895 4441 1027 4513 dcds‘nr.’]

317 4528 361 4600 ”)
380 4527 431 4600 [of.
450 4531 546 4586 annot.
565 4525 602 4612 ad
620 4529 845 4602 badarenum]
