3332 5074
315 355 380 420 416
604 374 866 422 rsonacouuur
891 377 937 422 nn
961 375 1171 424 narroumvs

192 536 315 578 cnxxrv
405 515 490 581 Huic
512 515 588 582 filia
611 518 691 583 olim
713 517 807 603 ur'rgo
829 520 927 602 periit
949 519 1096 604 paruola:

315 657 452 723 Poenuli
476 662 582 724 autem
607 661 687 747 1,2,
712 663 774 728 183
797 668 854 727 aut
875 662 1081 728 inserendum
1105 665 1167 764 est:

403 774 451 864 llt
469 805 505 866 tu
523 801 598 867 huic
618 806 675 868 aut
692 804 779 869 irata
797 826 838 869 ne
857 806 911 889 sis,
934 807 992 871 aut
1011 806 1039 870 si
1058 805 1090 870 id
1110 804 1179 870 fieri
1198 806 1264 870 n6n
1283 811 1393 891 potest
1405 831 1460 871 -τ
1483 823 1485 828 ·

315 942 378 1007 uisi
398 945 499 1008 males
519 945 605 1010 Huic
622 947 671 1010 ati
689 952 723 1011 tu
745 946 830 1011 a'rdta
852 947 904 1012 vel
927 946 1067 1012 fortasse
1091 947 1271 1033 simplicius
1295 950 1394 1016 etiam
1423 925 1463 1016 l't

316 1055 377 1114 tate
399 1049 471 1116 heria
493 1052 577 1118 irdto
603 1090 652 1118 —.

405 1157 454 1222 Ad
484 1159 658 1242 syllabas
683 1161 914 1227 vocabulorum
938 1161 1083 1226 finales
1106 1162 1216 1246 redeo,
1245 1161 1301 1227 sed
1324 1183 1461 1229 conso·

314 1265 501 1330 nantibus
534 1267 779 1333 terminatas:
813 1269 988 1354 inquibus
1016 1268 1094 1333 item
1119 1272 1207 1354 sunt,
1239 1292 1321 1355 quac
1344 1291 1461 1334 cuma

315 1371 476 1457 principio
495 1373 626 1458 longam
647 1374 792 1440 vocalem
810 1374 1010 1459 habuissent,
1029 1375 1201 1459 paullatim
1221 1375 1365 1441 elevatae
1384 1381 1461 1441 sunt

315 1480 556 1562 pronuntiando
576 1483 609 1544 et
628 1480 669 1545 ad
687 1481 880 1548 brevitatem
900 1481 1080 1568 depressae.
1113 1481 1232 1549 Ordior
1249 1505 1268 1548 a
1286 1482 1459 1549 bacchiaco

315 1608 410 1651 versu
433 1585 616 1652 Trinummi
641 1589 720 1653 226:

404 1727 563 1815 Magister
586 1729 667 1796 mihi
690 1731 846 1797 ehcrdtdr
869 1732 997 1798 animus
1020 1737 1105 1798 minc
1129 1736 1189 1798 est.

315 1869 401 1936 Nam
423 1893 483 1938 nec
506 1873 719 1940 dubitandum
743 1875 782 1939 de
802 1873 923 1939 talibus
948 1878 981 1939 et
999 1896 1075 1940 vero
1099 1875 1146 1940 sic
1168 1874 1378 1940 statuendum
1401 1877 1460 1958 est,

315 1981 353 2042 ut
379 2001 438 2062 per
460 1983 569 2045 ternas
592 1985 762 2066 tamquam
787 1981 1009 2047 successiones
1034 2003 1072 2046 ex
1096 1981 1255 2067 producta
1277 2001 1310 2047 os
1334 1982 1462 2067 syllaba

314 2085 407 2150 fieret
429 2087 622 2171 productum
645 2109 681 2152 or
704 2091 736 2152 et
760 2109 799 2152 ex
821 2087 884 2153 hoc
903 2085 1032 2152 demum
1051 2086 1141 2170 illud,
1165 2087 1251 2174 quod
1269 2089 1461 2172 posterioris

315 2192 434 2259 aetatis
467 2193 666 2260 consuetudo
698 2194 863 2278 probavit,
895 2195 937 2256 dr.
982 2193 1068 2260 Nam
1101 2195 1142 2260 ab
1170 2205 1203 2260 os
1232 2196 1461 2262 terminatione

315 2299 432 2365 horum
459 2301 630 2366 nominum
659 2300 889 2367 formationem
920 2301 1065 2368 omnium
1092 2300 1273 2386 profectam
1301 2325 1385 2388 esse,
1413 2325 1461 2368 re-

314 2407 392 2471 licta
415 2407 450 2471 in
473 2408 555 2490 lepos
576 2408 672 2474 hocce
694 2408 779 2474 labos
800 2408 880 2473 colos
902 2408 1016 2474 clamos
1038 2410 1110 2474 odos
1128 2429 1226 2491 capos
1243 2409 1360 2493 (ornos)
1379 2411 1460 2474 iant

315 2516 360 2576 tos
383 2512 588 2597 antiquitatis
612 2514 751 2599 vestigia
775 2513 856 2579 ratis
880 2513 1119 2579 demonstrant:
1152 2517 1348 2598 persuadent
1370 2539 1460 2602 prae·

314 2621 405 2683 terea
433 2620 674 2705 monosyllaba,
707 2643 788 2706 quae
818 2642 854 2685 or
881 2643 1057 2705 numquam
1087 2622 1284 2708 asciverunt,
1315 2643 1381 2688 mos
1401 2623 1461 2706 flos

310 2725 379 2808 ptos
410 2745 462 2790 roa
494 2731 527 2790 et
558 2748 600 2792 os.
654 2726 723 2792 Nec
756 2750 775 2792 a
807 2728 1036 2812 comparativis
1072 2729 1162 2794 illam
1195 2729 1458 2795 terminationem

315 2832 455 2898 alienam
468 2859 474 2870 ·
488 2832 606 2917 fuisse,
641 2833 758 2898 talium
790 2836 991 2919 comparatio
1025 2834 1119 2900 docet
1151 2837 1260 2921 qualia
1289 2835 1394 2902 Varro
1427 2841 1460 2900 et

312 2937 428 3005 Festus
451 2943 616 3005 testantur
638 2941 806 3007 neamus
828 2943 1003 3008 nwliosr'dus
1025 2943 1175 3009 artocem:
1199 2942 1327 3028 quando
1347 2942 1459 3010 eodem

315 3047 480 3112 societatis
513 3047 660 3132 vinculo,
692 3068 755 3132 quo
788 3047 925 3112 arborem
956 3052 990 3112 et
1026 3049 1129 3128 artos,
1166 3049 1324 3115 contineri
1361 3050 1458 3114 etiam

312 3155 480 3220 amandas
511 3156 544 3217 et
575 3155 675 3218 arctos
706 3157 957 3218 consentaneum
990 3157 1049 3220 est.
1099 3154 1128 3219 E
1161 3155 1317 3240 producto
1350 3159 1458 3222 autem

314 3259 464 3346 genetivo
488 3261 550 3324 oras
573 3261 611 3324 de
629 3270 664 3322 or
686 3260 889 3326 nominativo
913 3261 992 3326 item
1016 3262 1172 3346 producto
1197 3285 1234 3328 eo
1258 3263 1459 3348 probabilior

313 3366 497 3432 coniectura
519 3367 569 3452 fit,
593 3366 678 3453 quod
702 3367 834 3451 longam
857 3367 1004 3432 vocalem
1027 3368 1078 3433 vel
1102 3389 1212 3434 eorum
1235 3370 1458 3435 nominativus

313 3473 610 3557 monosyllaborum
634 3473 789 3558 servavit,
813 3495 894 3559 quae
918 3477 1103 3559 correptum
1125 3474 1248 3540 habent
1271 3477 1458 3559 genetivum

193 3609 298 3651 enm
314 3583 350 3644 ut
373 3581 423 3645 lar
446 3584 479 3645 et
496 3603 567 3664 por.
604 3581 718 3666 Itaque
742 3602 806 3646 non
831 3584 959 3645 tantum
982 3580 1165 3646 Acidalium
1189 3580 1297 3647 Divin.
1320 3583 1354 3646 in
1377 3583 1458 3648 Rud.

314 3709 383 3771 cap.
407 3687 427 3752 6
450 3688 631 3753 rectissime
654 3687 835 3753 defendisse
859 3685 939 3752 haec
962 3692 1041 3771 puto
1065 3687 1146 3754 Rud.
1170 3687 1227 3773 lv,
1241 3689 1271 3773 3,
1287 3690 1337 3755 75.
1360 3690 1458 3756 Poen.

312 3793 338 3880 1,
361 3794 392 3878 2,
417 3795 488 3860 151.
526 3793 629 3859 Stichi
651 3793 677 3878 Ι,
700 3795 730 3878 2,
754 3795 810 3860 83:

403 3935 440 4002 Si
461 3941 497 4002 tu
520 3939 651 4021 proreta
674 3934 730 4001 isti
754 3934 867 4021 naui's,
889 3937 950 4019 ego
971 3935 1158 4018 perdonatdr
1180 3957 1244 4001 ero.
1315 3951 1320 3958 ·

401 4028 418 4108 l
440 4065 535 4124 soror,
559 4043 695 4109 absce‘de
718 4046 754 4108 tu
777 4065 796 4107 a
820 4063 880 4106 me.
917 4041 1015 4106 Perii:
1039 4042 1116 4127 quid
1139 4043 1219 4128 agis,
1242 4040 1408 4128 Milphio?

312 4183 392 4274 (quo
422 4162 515 4252 versu
543 4187 701 4252 insertum
731 4184 828 4270 vulgo
856 4182 910 4249 clad
939 4189 1015 4269 post
1035 4186 1120 4268 perc·
1143 4207 1216 4250 cum
1239 4185 1457 4251 Ambrosiano

312 4293 427 4378 delevi,
450 4295 600 4359 similiter
623 4297 721 4379 atque
743 4293 831 4357 Trio.
854 4293 918 4358 943
929 4289 990 4380 *):)

384 4485 409 4555 ')
429 4486 489 4556 [abi
508 4487 555 4542 cho
569 4486 685 4556 reliquit
697 4486 866 4542 Ritscheliur
881 4485 909 4541 in
924 4486 967 4540 ed.
978 4484 1026 4541 alt.
1047 4489 1126 4542 extra
1140 4503 1250 4543 versum
1265 4486 1457 4557 collocatum]
