3332 5074
554 406 817 456 sununsrroms
842 407 1051 456 ensvrrnss.
1309 391 1375 456 395

229 573 344 618 rorum
372 572 500 616 versum
529 549 574 635 ΙΙ,
602 552 633 635 2,
655 551 698 616 93
727 549 799 636 quis
828 548 936 616 credet
965 555 1124 636 apeetac
1152 572 1249 616 manu
1276 551 1375 616 talem

229 657 402 743 prodiisse:

319 765 382 842 Qui
401 768 459 830 tua
477 787 559 849 quae
578 768 614 830 tu
633 765 759 830 miseris
779 765 932 832 mandata
951 766 997 830 ita
1012 770 1048 830 ut
1061 765 1139 830 uetes
1152 765 1295 850 perferat
1309 764 1374 828 —-?

230 871 296 938 Vbi
324 893 397 937 cum
425 873 460 936 in
487 871 522 936 B
549 893 616 936 non
642 873 767 955 miseris
791 873 849 959 sit,
881 871 936 938 sed
965 871 1094 956 iusseris,
1123 871 1294 956 probabile
1326 874 1376 937 est

229 978 400 1063 scripsisse
422 977 577 1045 Plautum

318 1083 384 1161 Qui
403 1087 476 1168 tua,
499 1107 580 1170 quae
603 1085 717 1172 iussis,
740 1087 894 1154 mandata
917 1088 973 1170 ita,
996 1091 1034 1151 rit
1056 1085 1147 1165 uelis,
1171 1086 1200 1150 ei
1223 1085 1376 1170 pe‘rferat,

229 1193 300 1258 coll.
328 1191 375 1275 Π,
402 1192 432 1276 3,
463 1193 511 1258 17.
557 1191 760 1260 Cistellarias
793 1196 900 1258 autem
929 1193 958 1276 I,
985 1194 1016 1277 1,
1044 1193 1086 1257 47
1111 1193 1197 1277 quis,
1229 1193 1292 1258 nisi
1320 1192 1375 1278 qui

230 1299 451 1384 ignorantiam
475 1299 592 1384 prodat
614 1322 716 1384 suam,
740 1301 836 1366 aliter
860 1323 956 1386 quam
981 1302 1028 1366 sic
1051 1299 1250 1364 dimetietur:
1290 1337 1293 1344 .

319 1404 504 1490 Necesscst,
529 1428 592 1492 quo
615 1412 651 1472 tu
675 1409 727 1472 mo
750 1406 846 1472 modo
868 1408 951 1472 scole's
974 1404 1129 1490 esse,1'ta
1152 1387 1235 1490 esse,
1258 1409 1375 1472 mater:

229 1510 286 1576 ubi
313 1510 445 1575 minime
468 1517 615 1595 praestat
641 1516 724 1580 uoles
746 1515 835 1580 crode
858 1518 1077 1598 transponere.
1124 1511 1248 1579 Contra
1270 1518 1374 1578 trans·

228 1615 369 1700 ponendi
390 1639 456 1683 non
474 1621 640 1703 pauciores
660 1643 758 1706 quam
778 1621 918 1707 quinque
937 1620 1007 1686 visa
1027 1621 1195 1703 potentin
1214 1619 1331 1687 Bacch.
1350 1620 1375 1700 Ι,

233 1725 261 1806 1,
285 1723 329 1788 50
351 1723 459 1789 verbis
489 1727 551 1792 Vbi
573 1732 606 1792 ta
629 1729 725 1810 tepula
746 1729 829 1794 uoles
850 1749 912 1794 esse
935 1728 1002 1792 tibi:

441 1824 507 1917 ilbi
530 1851 621 1917 uoles
644 1856 680 1916 tu
703 1852 809 1937 lepida
832 1873 903 1916 assa
925 1850 1002 1916 tibi:

442 1950 509 2040 ilbi
533 1975 623 2041 uoles
646 1981 682 2041 tu
706 1978 776 2041 esse
799 1977 861 2041 tibi
884 1975 1002 2059 lepide:

443 2075 511 2165 Vbi
533 2100 623 2165 uoles
646 2104 682 2166 tu
706 2098 768 2164 tibi
792 2122 861 2164 esse
885 2099 1001 2184 lepide:

440 2199 506 2289 ilbi
530 2224 621 2290 uoles
644 2225 706 2289 tibi
730 2227 801 2290 e'sse
824 2225 941 2310 lepide:
1388 2267 1425 2306 01,

441 2325 507 2414 ilbi
530 2349 620 2414 uoles
644 2352 715 2414 esse
738 2349 799 2414 tibi
822 2335 938 2434 lepido.

229 2453 275 2520 Et
305 2454 460 2539 quoniam
488 2455 630 2521 eiusdem
658 2455 705 2520 rei
733 2456 799 2520 alia
826 2457 974 2542 exempla
1001 2479 1020 2520 a
1048 2455 1163 2520 Wasio
1193 2477 1222 2538 p.
1249 2453 1312 2519 195
1327 2475 1373 2539 sq.

229 2635 254 2696 6,
273 2635 298 2696 8,
317 2585 545 2700 Curculionisque
571 2631 609 2694 ΙΙ,
629 2637 655 2699 3,
673 2636 708 2685 83
727 2632 756 2686 et
774 2638 808 2686 69
819 2648 859 2700 sq.
885 2631 931 2702 [ci.
952 2631 1053 2702 Opusc.
1073 2627 1142 2700 phil.
1162 2629 1201 2684 Ill
1220 2648 1248 2700 p.
1269 2629 1332 2700 196]
1357 2645 1375 2682 a

228 2717 336 2775 mendis
355 2720 395 2774 sic
414 2720 469 2776 nisi
486 2720 571 2776 fallor
589 2719 728 2776 liberandi
746 2724 823 2776 sunt:

335 2799 407 2881 llum
425 2843 493 2897 repa
512 2828 545 2882 ut
562 2827 704 2896 relinquat
722 2827 792 2883 alias
811 2830 856 2882 ros
875 2831 904 2882 et
923 2828 978 2882 bno
995 2826 1100 2882 ueniat.
1120 2826 1208 2882 Licet.

336 2916 472 2988 Ropitaot
490 2915 572 2984 serui,
590 2919 646 2986 quo
664 2933 736 2974 eam.
755 2916 825 2972 Dico
843 2934 888 2971 me
907 2919 947 2972 ire
964 2933 1021 2986 quo
1040 2917 1127 2970 saturi
1145 2915 1245 2971 solent.
1266 2945 1297 2954 -

336 3005 452 3062 Prendit
470 3004 626 3074 dexteram,
646 3005 766 3061 seducit:
785 3008 895 3076 ropitat,
914 3005 982 3076 quid
1000 3022 1054 3076 ego
1072 3005 1102 3058 in
1121 3003 1231 3058 coriam

335 3093 460 3150 Veniam.
480 3095 543 3150 dico
562 3111 607 3150 mc
626 3095 676 3150 illo
694 3095 804 3149 uenisse
824 3095 910 3150 animi
929 3111 1020 3150 cansa.
1038 3093 1079 3148 ibi
1099 3095 1143 3147 mo
1164 3095 1257 3162 rogat:

228 3183 265 3238 ad
291 3199 360 3251 quas
386 3183 595 3240 emendationes
621 3200 655 3238 en
679 3187 760 3253 parte
783 3183 908 3254 ipsorum
932 3183 1058 3253 vestigiis
1081 3183 1215 3236 librorum
1239 3179 1373 3235 ducimur.

229 3269 360 3326 Eiusdem
375 3288 493 3327 scaenae
507 3291 533 3327 v.
545 3277 578 3328 78
597 3273 835 3343 transponendum
853 3275 983 3343 quattuor
1001 3271 1134 3327 uolturios
1153 3269 1224 3324 iaci
1230 3275 1248 3322 t.
1277 3269 1372 3324 liono-

233 3359 350 3430 syllaba,
369 3360 394 3416 si
412 3362 455 3418 dis
472 3360 575 3432 placet,
593 3363 690 3418 uides
707 3361 799 3418 forma
817 3361 945 3418 aWasio
959 3380 986 3431 p.
999 3367 1048 3416 197
1064 3359 1180 3414 affertur
1194 3375 1209 3412 e
1224 3356 1312 3412 Stichi
1326 3357 1375 3426 IV,

230 3453 246 3501 9
265 3449 355 3505 tribus
373 3450 500 3506 versibus
519 3450 656 3508 continuis
675 3457 718 3505 69.
737 3455 779 3506 69.
799 3457 842 3517 tl,
866 3450 967 3519 quibus
985 3451 1047 3520 quis
1065 3465 1121 3505 non
1140 3448 1234 3504 videat
1251 3448 1295 3502 ter
1312 3447 1373 3502 red·

229 3535 350 3592 dendum
368 3554 429 3592 case
447 3539 550 3594 aldea?

336 3609 450 3695 ligone?
478 3625 520 3680 Tu
538 3641 582 3680 ne.
611 3625 736 3681 mihine?
763 3625 888 3682 Tibine.
907 3627 992 3683 uiden
1010 3629 1042 3682 nt
1060 3629 1198 3682 annonast
1215 3625 1329 3697 granis?

341 3713 430 3768 Viden
446 3712 636 3784 benignitates
655 3713 800 3770 hominum
818 3715 851 3768 ut
868 3714 976 3783 pariere
995 3719 1024 3770 at
1042 3711 1235 3787 protby'rniac?

341 3803 428 3859 Viden
445 3802 578 3860 ridiculos
596 3803 677 3858 nihili
695 3803 756 3858 fieri
774 3805 859 3873 atque
877 3806 953 3874 ipsos
971 3805 1168 3875 parasitanar?

229 3893 288 3948 Nec
303 3893 391 3964 igitur
404 3893 440 3948 de
458 3892 658 3962 monosyllabis
677 3894 781 3963 latet,
795 3895 914 3963 pudet,
929 3896 1024 3965 pipat
1042 3893 1235 3964 cogitandam:
1255 3910 1373 3963 quorum

227 3982 281 4038 boc
307 3982 431 4039 omnium
456 3982 570 4038 minime
594 3983 687 4038 locum
710 3985 741 4038 in
768 3984 926 4053 septenario
954 3983 1116 4039 habiturum
1143 3984 1204 4038 erat
1225 3982 1301 4036 Trin.
1321 3988 1372 4036 661

230 4071 277 4144 [cl.
290 4089 316 4141 p.
328 4073 401 4140 686]
420 4069 471 4126 illa
484 4088 540 4128 non
555 4071 583 4126 in
598 4090 682 4127 unam
702 4072 839 4143 syllabam
859 4075 1004 4129 contracta
1022 4071 1128 4141 potins,
1147 4089 1230 4140 quam
1244 4070 1375 4142 neglecta

227 4159 366 4229 positione
390 4160 480 4229 (velut
502 4159 603 4218 Bacch.
627 4179 652 4216 v.
673 4166 725 4216 893
747 4161 823 4234 [969]
848 4163 919 4216 latet
940 4161 1099 4226 lammari,
1127 4166 1179 4216 946
1199 4160 1276 4231 [986]
1301 4159 1374 4214 labet

222 4251 368 4319 perkperc,
388 4255 457 4304 1116
477 4249 572 4320 [1166]
587 4251 673 4318 pudet
696 4252 793 4320 dicos)
821 4251 898 4306 dicta
924 4251 1038 4306 suntin
1062 4249 1212 4306 octonariis
1236 4247 1373 4317 iambicis,

227 4338 387 4408 trochaicis,
405 4336 601 4409 anapaesticis.
637 4337 711 4393 Nam
733 4339 777 4394 bis
799 4339 912 4408 quidem
937 4357 1000 4394 curn
1017 4339 1105 4393 talem
1128 4337 1286 4408 licentiam,
1305 4335 1371 4393 alia·

228 4426 372 4481 nissimam
395 4424 616 4482 assuetionibus
639 4427 743 4497 metris,
766 4427 824 4483 iam
847 4429 883 4484 ab
902 4427 984 4483 initio
1007 4425 1200 4494 concesserim,
1223 4428 1282 4481 tum
1306 4443 1372 4482 ana·

227 4514 368 4585 pacaticos
382 4515 559 4587 potissimum
573 4515 717 4572 latendum
732 4519 776 4574 est
789 4516 1084 4572 condidissePlantum
1099 4531 1183 4586 saepe
1198 4515 1372 4587 asperrimos.
