<?xml version="1.0" encoding="UTF-8"?>
<!DOCTYPE html PUBLIC "-//W3C//DTD XHTML 1.0 Transitional//EN"
    "http://www.w3.org/TR/xhtml1/DTD/xhtml1-transitional.dtd">
<html xmlns="http://www.w3.org/1999/xhtml" xml:lang="en" lang="en">
 <head>
  <title>
</title>
<meta http-equiv="Content-Type" content="text/html;charset=utf-8" />
  <meta name='ocr-system' content='tesseract 3.04.00' />
  <meta name='ocr-capabilities' content='ocr_page ocr_carea ocr_par ocr_line ocrx_word'/>
</head>
<body>
  <div class='ocr_page' id='page_1' title='image "./fridericiritsch07wachgoog_0449.png"; bbox 0 0 3332 5074; ppageno 0'>
   <div class='ocr_carea' id='block_1_1' title="bbox 312 361 1166 434">
    <p class='ocr_par' dir='ltr' id='par_1_1' title="bbox 312 361 1166 434">
     <span class='ocr_line' id='line_1_1' title="bbox 312 361 1166 434; baseline 0 -2"><span class='ocrx_word' id='word_1_1' title='bbox 312 361 378 433; x_wconf 77' lang='lat'>432</span> <span class='ocrx_word' id='word_1_2' title='bbox 599 381 861 434; x_wconf 76' lang='lat' dir='ltr'>raonnoounns</span> <span class='ocrx_word' id='word_1_3' title='bbox 883 383 930 433; x_wconf 85' lang='lat' dir='ltr'>nn</span> <span class='ocrx_word' id='word_1_4' title='bbox 955 381 1166 433; x_wconf 81' lang='lat' dir='ltr'>surrouravs</span> 
     </span>
    </p>
   </div>
   <div class='ocr_carea' id='block_1_2' title="bbox 200 527 1459 2536">
    <p class='ocr_par' dir='ltr' id='par_1_2' title="bbox 305 527 1458 932">
     <span class='ocr_line' id='line_1_2' title="bbox 311 527 1458 616; baseline -0.001 -22"><span class='ocrx_word' id='word_1_5' title='bbox 311 535 344 594; x_wconf 88' lang='lat' dir='ltr'>et</span> <span class='ocrx_word' id='word_1_6' title='bbox 372 527 543 593; x_wconf 79' lang='lat' dir='ltr'>Plautinae</span> <span class='ocrx_word' id='word_1_7' title='bbox 572 531 662 615; x_wconf 87' lang='lat' dir='ltr'>artis,</span> <span class='ocrx_word' id='word_1_8' title='bbox 690 531 780 596; x_wconf 89' lang='lat' dir='ltr'>cuius</span> <span class='ocrx_word' id='word_1_9' title='bbox 809 535 935 596; x_wconf 81' lang='lat' dir='ltr'>tantam</span> <span class='ocrx_word' id='word_1_10' title='bbox 963 531 998 595; x_wconf 92' lang='lat' dir='ltr'>in</span> <span class='ocrx_word' id='word_1_11' title='bbox 1026 528 1160 616; x_wconf 86' lang='lat' dir='ltr'>reliquia</span> <span class='ocrx_word' id='word_1_12' title='bbox 1189 527 1336 614; x_wconf 88' lang='lat' dir='ltr'>partibus</span> <span class='ocrx_word' id='word_1_13' title='bbox 1366 547 1458 594; x_wconf 86' lang='lat' dir='ltr'>sena-</span> 
     </span>
     <span class='ocr_line' id='line_1_3' title="bbox 305 635 1456 724; baseline -0.002 -25"><span class='ocrx_word' id='word_1_14' title='bbox 305 636 434 700; x_wconf 80' lang='lat' dir='ltr'>riorum</span> <span class='ocrx_word' id='word_1_15' title='bbox 463 637 781 724; x_wconf 78' lang='lat' dir='ltr'>septenariorumque</span> <span class='ocrx_word' id='word_1_16' title='bbox 810 637 1050 704; x_wconf 87' lang='lat' dir='ltr'>condendorum</span> <span class='ocrx_word' id='word_1_17' title='bbox 1080 636 1230 703; x_wconf 89' lang='lat' dir='ltr'>omnibus</span> <span class='ocrx_word' id='word_1_18' title='bbox 1261 635 1456 720; x_wconf 81' lang='lat' dir='ltr'>elegantiam</span> 
     </span>
     <span class='ocr_line' id='line_1_4' title="bbox 310 741 1458 829; baseline -0.001 -23"><span class='ocrx_word' id='word_1_19' title='bbox 310 744 427 808; x_wconf 90' lang='lat' dir='ltr'>merito</span> <span class='ocrx_word' id='word_1_20' title='bbox 460 743 680 809; x_wconf 78' lang='lat' dir='ltr'><strong>admiramur?</strong></span> <span class='ocrx_word' id='word_1_21' title='bbox 725 743 795 810; x_wconf 82' lang='lat' dir='ltr'>Aut</span> <span class='ocrx_word' id='word_1_22' title='bbox 825 744 887 810; x_wconf 91' lang='lat' dir='ltr'>hoe</span> <span class='ocrx_word' id='word_1_23' title='bbox 919 749 1165 829; x_wconf 89' lang='lat' dir='ltr'>praeposterum</span> <span class='ocrx_word' id='word_1_24' title='bbox 1198 748 1231 810; x_wconf 86' lang='lat' dir='ltr'>et</span> <span class='ocrx_word' id='word_1_25' title='bbox 1263 741 1458 826; x_wconf 78' lang='lat' dir='ltr'>incredibile,</span> 
     </span>
     <span class='ocr_line' id='line_1_5' title="bbox 311 849 1458 932; baseline -0.002 -18"><span class='ocrx_word' id='word_1_26' title='bbox 311 854 369 914; x_wconf 90' lang='lat' dir='ltr'>aut</span> <span class='ocrx_word' id='word_1_27' title='bbox 395 850 486 914; x_wconf 89' lang='lat' dir='ltr'>nihil.</span> <span class='ocrx_word' id='word_1_28' title='bbox 531 849 600 917; x_wconf 88' lang='lat' dir='ltr'>Neo</span> <span class='ocrx_word' id='word_1_29' title='bbox 630 872 705 916; x_wconf 82' lang='lat' dir='ltr'>vero</span> <span class='ocrx_word' id='word_1_30' title='bbox 735 851 862 916; x_wconf 87' lang='lat' dir='ltr'>diversa</span> <span class='ocrx_word' id='word_1_31' title='bbox 889 851 973 916; x_wconf 91' lang='lat' dir='ltr'>ratio</span> <span class='ocrx_word' id='word_1_32' title='bbox 1004 855 1055 916; x_wconf 90' lang='lat' dir='ltr'>eat</span> <span class='ocrx_word' id='word_1_33' title='bbox 1085 870 1196 916; x_wconf 88' lang='lat' dir='ltr'>eorum</span> <span class='ocrx_word' id='word_1_34' title='bbox 1227 849 1458 932; x_wconf 84' lang='lat' dir='ltr'>exemplorum,</span> 
     </span>
    </p>

    <p class='ocr_par' dir='ltr' id='par_1_3' title="bbox 200 955 1459 2536">
     <span class='ocr_line' id='line_1_6' title="bbox 232 955 1457 1042; baseline -0.001 -22"><span class='ocrx_word' id='word_1_35' title='bbox 232 971 235 978; x_wconf 88' lang='grc'><strong>’</strong></span> <span class='ocrx_word' id='word_1_36' title='bbox 311 958 345 1020; x_wconf 92' lang='lat' dir='ltr'>in</span> <span class='ocrx_word' id='word_1_37' title='bbox 369 958 486 1041; x_wconf 90' lang='lat' dir='ltr'>quibus</span> <span class='ocrx_word' id='word_1_38' title='bbox 507 959 595 1024; x_wconf 86' lang='lat' dir='ltr'>voois</span> <span class='ocrx_word' id='word_1_39' title='bbox 617 958 828 1024; x_wconf 87' lang='lat' dir='ltr'>intervallum</span> <span class='ocrx_word' id='word_1_40' title='bbox 851 958 1013 1042; x_wconf 77' lang='lat' dir='ltr'><strong>quoddam</strong></span> <span class='ocrx_word' id='word_1_41' title='bbox 1036 979 1102 1023; x_wconf 92' lang='lat' dir='ltr'>non</span> <span class='ocrx_word' id='word_1_42' title='bbox 1126 979 1143 1022; x_wconf 91' lang='lat' dir='ltr'>e</span> <span class='ocrx_word' id='word_1_43' title='bbox 1167 956 1337 1038; x_wconf 88' lang='lat' dir='ltr'>sententia,</span> <span class='ocrx_word' id='word_1_44' title='bbox 1360 955 1416 1019; x_wconf 89' lang='lat' dir='ltr'>sed</span> <span class='ocrx_word' id='word_1_45' title='bbox 1439 977 1457 1020; x_wconf 94' lang='lat' dir='ltr'>e</span> 
     </span>
     <span class='ocr_line' id='line_1_7' title="bbox 311 1061 1459 1151; baseline -0.002 -23"><span class='ocrx_word' id='word_1_46' title='bbox 311 1065 482 1130; x_wconf 88' lang='lat' dir='ltr'>numeris</span> <span class='ocrx_word' id='word_1_47' title='bbox 512 1070 625 1150; x_wconf 89' lang='lat' dir='ltr'>aptum</span> <span class='ocrx_word' id='word_1_48' title='bbox 657 1069 714 1130; x_wconf 85' lang='lat' dir='ltr'>est</span> <span class='ocrx_word' id='word_1_49' title='bbox 768 1065 880 1151; x_wconf 81' lang='lat' dir='ltr'>Longe</span> <span class='ocrx_word' id='word_1_50' title='bbox 910 1065 1141 1130; x_wconf 86' lang='lat' dir='ltr'>creberrimum</span> <span class='ocrx_word' id='word_1_51' title='bbox 1172 1085 1242 1128; x_wconf 86' lang='lat' dir='ltr'>esse</span> <span class='ocrx_word' id='word_1_52' title='bbox 1268 1061 1396 1126; x_wconf 90' lang='lat' dir='ltr'>hiatum</span> <span class='ocrx_word' id='word_1_53' title='bbox 1425 1061 1459 1126; x_wconf 90' lang='lat' dir='ltr'>iu</span> 
     </span>
     <span class='ocr_line' id='line_1_8' title="bbox 312 1168 1457 1252; baseline -0.005 -16"><span class='ocrx_word' id='word_1_54' title='bbox 312 1171 426 1236; x_wconf 85' lang='lat' dir='ltr'>mediis</span> <span class='ocrx_word' id='word_1_55' title='bbox 456 1173 654 1237; x_wconf 86' lang='lat' dir='ltr'>tetrametris</span> <span class='ocrx_word' id='word_1_56' title='bbox 681 1172 829 1236; x_wconf 78' lang='lat' dir='ltr'>iambicis</span> <span class='ocrx_word' id='word_1_57' title='bbox 858 1175 998 1237; x_wconf 88' lang='lat' dir='ltr'>constat:</span> <span class='ocrx_word' id='word_1_58' title='bbox 1026 1193 1092 1236; x_wconf 89' lang='lat' dir='ltr'>non</span> <span class='ocrx_word' id='word_1_59' title='bbox 1119 1191 1230 1236; x_wconf 90' lang='lat' dir='ltr'>rarum</span> <span class='ocrx_word' id='word_1_60' title='bbox 1258 1168 1292 1232; x_wconf 91' lang='lat' dir='ltr'>in</span> <span class='ocrx_word' id='word_1_61' title='bbox 1322 1189 1457 1252; x_wconf 86' lang='lat' dir='ltr'>anapae-</span> 
     </span>
     <span class='ocr_line' id='line_1_9' title="bbox 311 1275 1458 1363; baseline -0.003 -21"><span class='ocrx_word' id='word_1_62' title='bbox 311 1279 402 1344; x_wconf 85' lang='lat' dir='ltr'>sticis</span> <span class='ocrx_word' id='word_1_63' title='bbox 427 1280 632 1363; x_wconf 89' lang='lat' dir='ltr'>ereticiaque:</span> <span class='ocrx_word' id='word_1_64' title='bbox 654 1301 713 1344; x_wconf 89' lang='lat' dir='ltr'>nec</span> <span class='ocrx_word' id='word_1_65' title='bbox 738 1279 874 1344; x_wconf 91' lang='lat' dir='ltr'>eundem</span> <span class='ocrx_word' id='word_1_66' title='bbox 894 1303 914 1344; x_wconf 92' lang='lat' dir='ltr'>a</span> <span class='ocrx_word' id='word_1_67' title='bbox 932 1278 1069 1343; x_wconf 89' lang='lat' dir='ltr'>mediis</span> <span class='ocrx_word' id='word_1_68' title='bbox 1092 1275 1308 1344; x_wconf 75' lang='lat' dir='ltr'>trochaicis</span> <span class='ocrx_word' id='word_1_69' title='bbox 1332 1279 1458 1359; x_wconf 89' lang='lat' dir='ltr'>septe·</span> 
     </span>
     <span class='ocr_line' id='line_1_10' title="bbox 200 1382 1457 1468; baseline -0.009 -12"><span class='ocrx_word' id='word_1_70' title='bbox 200 1415 296 1456; x_wconf 82' lang='lat' dir='ltr'>exem</span> <span class='ocrx_word' id='word_1_71' title='bbox 311 1386 435 1450; x_wconf 83' lang='lat' dir='ltr'>uariis</span> <span class='ocrx_word' id='word_1_72' title='bbox 460 1385 539 1450; x_wconf 88' lang='lat' dir='ltr'>artis</span> <span class='ocrx_word' id='word_1_73' title='bbox 563 1386 761 1452; x_wconf 78' lang='lat' dir='ltr'>consuetudo</span> <span class='ocrx_word' id='word_1_74' title='bbox 786 1385 929 1450; x_wconf 85' lang='lat' dir='ltr'>exclusit.</span> <span class='ocrx_word' id='word_1_75' title='bbox 971 1383 1094 1450; x_wconf 88' lang='lat' dir='ltr'>Verum</span> <span class='ocrx_word' id='word_1_76' title='bbox 1116 1382 1170 1448; x_wconf 91' lang='lat' dir='ltr'>bic</span> <span class='ocrx_word' id='word_1_77' title='bbox 1193 1404 1259 1468; x_wconf 88' lang='lat' dir='ltr'>qua</span> <span class='ocrx_word' id='word_1_78' title='bbox 1282 1402 1355 1448; x_wconf 92' lang='lat' dir='ltr'>eum</span> <span class='ocrx_word' id='word_1_79' title='bbox 1379 1385 1457 1446; x_wconf 89' lang='lat' dir='ltr'>tem·</span> 
     </span>
     <span class='ocr_line' id='line_1_11' title="bbox 310 1488 1455 1576; baseline -0.003 -20"><span class='ocrx_word' id='word_1_80' title='bbox 310 1491 458 1576; x_wconf 85' lang='lat' dir='ltr'>perantia</span> <span class='ocrx_word' id='word_1_81' title='bbox 488 1491 668 1574; x_wconf 88' lang='lat' dir='ltr'>admiserit,</span> <span class='ocrx_word' id='word_1_82' title='bbox 697 1492 801 1556; x_wconf 92' lang='lat' dir='ltr'>multo</span> <span class='ocrx_word' id='word_1_83' title='bbox 833 1491 933 1556; x_wconf 91' lang='lat' dir='ltr'>etiam</span> <span class='ocrx_word' id='word_1_84' title='bbox 965 1491 1170 1557; x_wconf 83' lang='lat' dir='ltr'>manifestius</span> <span class='ocrx_word' id='word_1_85' title='bbox 1199 1488 1329 1574; x_wconf 90' lang='lat' dir='ltr'>similis,</span> <span class='ocrx_word' id='word_1_86' title='bbox 1359 1510 1455 1573; x_wconf 89' lang='lat' dir='ltr'>quam</span> 
     </span>
     <span class='ocr_line' id='line_1_12' title="bbox 311 1594 1457 1684; baseline -0.003 -22"><span class='ocrx_word' id='word_1_87' title='bbox 311 1620 376 1682; x_wconf 89' lang='lat' dir='ltr'>qua</span> <span class='ocrx_word' id='word_1_88' title='bbox 403 1621 503 1683; x_wconf 88' lang='lat' dir='ltr'>supra</span> <span class='ocrx_word' id='word_1_89' title='bbox 530 1599 715 1683; x_wconf 89' lang='lat' dir='ltr'>utebamur,</span> <span class='ocrx_word' id='word_1_90' title='bbox 744 1599 944 1684; x_wconf 85' lang='lat' dir='ltr'>computatio</span> <span class='ocrx_word' id='word_1_91' title='bbox 973 1619 1130 1666; x_wconf 81' lang='lat' dir='ltr'>versuum</span> <span class='ocrx_word' id='word_1_92' title='bbox 1152 1597 1303 1662; x_wconf 87' lang='lat' dir='ltr'>ostendit.</span> <span class='ocrx_word' id='word_1_93' title='bbox 1349 1594 1457 1680; x_wconf 84' lang='lat' dir='ltr'>Septe-</span> 
     </span>
     <span class='ocr_line' id='line_1_13' title="bbox 310 1704 1458 1790; baseline -0.002 -20"><span class='ocrx_word' id='word_1_94' title='bbox 310 1705 420 1770; x_wconf 89' lang='lat' dir='ltr'>narios</span> <span class='ocrx_word' id='word_1_95' title='bbox 439 1706 526 1771; x_wconf 91' lang='lat' dir='ltr'>euim</span> <span class='ocrx_word' id='word_1_96' title='bbox 544 1705 727 1772; x_wconf 88' lang='lat' dir='ltr'>trochaioos</span> <span class='ocrx_word' id='word_1_97' title='bbox 746 1727 819 1770; x_wconf 91' lang='lat' dir='ltr'>cum</span> <span class='ocrx_word' id='word_1_98' title='bbox 838 1704 1047 1770; x_wconf 82' lang='lat' dir='ltr'>Trinummus</span> <span class='ocrx_word' id='word_1_99' title='bbox 1066 1707 1139 1789; x_wconf 86' lang='lat' dir='ltr'>plus</span> <span class='ocrx_word' id='word_1_100' title='bbox 1159 1705 1354 1790; x_wconf 84' lang='lat' dir='ltr'>quingentos</span> <span class='ocrx_word' id='word_1_101' title='bbox 1373 1724 1458 1768; x_wconf 90' lang='lat' dir='ltr'>com·</span> 
     </span>
     <span class='ocr_line' id='line_1_14' title="bbox 311 1812 1458 1897; baseline -0.002 -21"><span class='ocrx_word' id='word_1_102' title='bbox 311 1812 480 1896; x_wconf 80' lang='lat' dir='ltr'>plectatur,</span> <span class='ocrx_word' id='word_1_103' title='bbox 514 1813 663 1897; x_wconf 88' lang='lat' dir='ltr'>quotiens</span> <span class='ocrx_word' id='word_1_104' title='bbox 695 1812 729 1876; x_wconf 90' lang='lat' dir='ltr'>in</span> <span class='ocrx_word' id='word_1_105' title='bbox 762 1815 856 1876; x_wconf 90' lang='lat' dir='ltr'>tanta</span> <span class='ocrx_word' id='word_1_106' title='bbox 887 1812 1095 1883; x_wconf 88' lang='lat' dir='ltr'>multitudine</span> <span class='ocrx_word' id='word_1_107' title='bbox 1128 1815 1258 1895; x_wconf 90' lang='lat' dir='ltr'>poetam</span> <span class='ocrx_word' id='word_1_108' title='bbox 1287 1814 1384 1895; x_wconf 87' lang='lat' dir='ltr'>putas</span> <span class='ocrx_word' id='word_1_109' title='bbox 1412 1832 1458 1894; x_wconf 90' lang='lat' dir='ltr'>ea,</span> 
     </span>
     <span class='ocr_line' id='line_1_15' title="bbox 311 1915 1457 2003; baseline -0.001 -21"><span class='ocrx_word' id='word_1_110' title='bbox 311 1941 375 2002; x_wconf 93' lang='lat' dir='ltr'>qua</span> <span class='ocrx_word' id='word_1_111' title='bbox 404 1919 523 1983; x_wconf 76' lang='lat' dir='ltr'>licebat</span> <span class='ocrx_word' id='word_1_112' title='bbox 555 1921 607 1982; x_wconf 88' lang='lat' dir='ltr'>sat</span> <span class='ocrx_word' id='word_1_113' title='bbox 639 1941 752 2003; x_wconf 86' lang='lat' dir='ltr'>saepe,</span> <span class='ocrx_word' id='word_1_114' title='bbox 785 1919 935 1984; x_wconf 88' lang='lat' dir='ltr'>libertate</span> <span class='ocrx_word' id='word_1_115' title='bbox 968 1939 1082 2003; x_wconf 84' lang='lat' dir='ltr'>reapse</span> <span class='ocrx_word' id='word_1_116' title='bbox 1113 1940 1209 1983; x_wconf 89' lang='lat' dir='ltr'>usum</span> <span class='ocrx_word' id='word_1_117' title='bbox 1242 1917 1335 1982; x_wconf 85' lang='lat' dir='ltr'>esse?</span> <span class='ocrx_word' id='word_1_118' title='bbox 1381 1915 1457 1981; x_wconf 85' lang='lat' dir='ltr'>Tria</span> 
     </span>
     <span class='ocr_line' id='line_1_16' title="bbox 312 2021 1458 2109; baseline -0.002 -20"><span class='ocrx_word' id='word_1_119' title='bbox 312 2025 376 2090; x_wconf 89' lang='lat' dir='ltr'>hue</span> <span class='ocrx_word' id='word_1_120' title='bbox 399 2025 546 2109; x_wconf 86' lang='lat' dir='ltr'>exempla</span> <span class='ocrx_word' id='word_1_121' title='bbox 579 2046 595 2088; x_wconf 93' lang='lat' dir='ltr'>e</span> <span class='ocrx_word' id='word_1_122' title='bbox 629 2047 727 2108; x_wconf 91' lang='lat' dir='ltr'>supra</span> <span class='ocrx_word' id='word_1_123' title='bbox 758 2024 869 2089; x_wconf 89' lang='lat' dir='ltr'>allatis</span> <span class='ocrx_word' id='word_1_124' title='bbox 901 2025 1020 2089; x_wconf 88' lang='lat' dir='ltr'>referre</span> <span class='ocrx_word' id='word_1_125' title='bbox 1052 2023 1174 2108; x_wconf 89' lang='lat' dir='ltr'>poteris</span> <span class='ocrx_word' id='word_1_126' title='bbox 1207 2046 1235 2088; x_wconf 85' lang='lat' dir='ltr'>v.</span> <span class='ocrx_word' id='word_1_127' title='bbox 1266 2023 1340 2088; x_wconf 79' lang='grc'><strong>907.</strong></span> <span class='ocrx_word' id='word_1_128' title='bbox 1372 2021 1458 2088; x_wconf 88' lang='grc'><strong>1059</strong></span> 
     </span>
     <span class='ocr_line' id='line_1_17' title="bbox 313 2129 1458 2216; baseline -0.002 -20"><span class='ocrx_word' id='word_1_129' title='bbox 313 2131 365 2212; x_wconf 88' lang='lat' dir='ltr'>[cf.</span> <span class='ocrx_word' id='word_1_130' title='bbox 395 2155 425 2216; x_wconf 93' lang='lat' dir='ltr'>p.</span> <span class='ocrx_word' id='word_1_131' title='bbox 454 2132 543 2212; x_wconf 65' lang='lat'>427}</span> <span class='ocrx_word' id='word_1_132' title='bbox 580 2132 662 2196; x_wconf 79' lang='grc'><strong>1011</strong></span> <span class='ocrx_word' id='word_1_133' title='bbox 695 2131 746 2212; x_wconf 84' lang='lat' dir='ltr'>[cf.</span> <span class='ocrx_word' id='word_1_134' title='bbox 774 2152 805 2215; x_wconf 90' lang='lat' dir='ltr'>p.</span> <span class='ocrx_word' id='word_1_135' title='bbox 835 2133 929 2212; x_wconf 79' lang='lat'>428]:</span> <span class='ocrx_word' id='word_1_136' title='bbox 962 2153 1100 2216; x_wconf 89' lang='lat' dir='ltr'>quorum</span> <span class='ocrx_word' id='word_1_137' title='bbox 1131 2130 1285 2216; x_wconf 82' lang='lat' dir='ltr'>ambigua</span> <span class='ocrx_word' id='word_1_138' title='bbox 1315 2129 1365 2195; x_wconf 85' lang='lat' dir='ltr'>vis</span> <span class='ocrx_word' id='word_1_139' title='bbox 1398 2133 1458 2212; x_wconf 82' lang='lat' dir='ltr'>est,</span> 
     </span>
     <span class='ocr_line' id='line_1_18' title="bbox 312 2236 1459 2322; baseline -0.001 -21"><span class='ocrx_word' id='word_1_140' title='bbox 312 2236 466 2322; x_wconf 89' lang='lat' dir='ltr'>quoniam</span> <span class='ocrx_word' id='word_1_141' title='bbox 496 2259 568 2302; x_wconf 92' lang='lat' dir='ltr'>cum</span> <span class='ocrx_word' id='word_1_142' title='bbox 599 2259 808 2304; x_wconf 90' lang='lat' dir='ltr'>numerorum</span> <span class='ocrx_word' id='word_1_143' title='bbox 840 2260 944 2321; x_wconf 91' lang='lat' dir='ltr'>pausa</span> <span class='ocrx_word' id='word_1_144' title='bbox 980 2237 1152 2302; x_wconf 88' lang='lat' dir='ltr'>coniuncta</span> <span class='ocrx_word' id='word_1_145' title='bbox 1188 2240 1251 2322; x_wconf 90' lang='lat' dir='ltr'>est,</span> <span class='ocrx_word' id='word_1_146' title='bbox 1288 2259 1353 2321; x_wconf 91' lang='lat' dir='ltr'>qua</span> <span class='ocrx_word' id='word_1_147' title='bbox 1388 2236 1459 2301; x_wconf 89' lang='lat' dir='ltr'>sola</span> 
     </span>
     <span class='ocr_line' id='line_1_19' title="bbox 311 2342 1458 2429; baseline 0 -21"><span class='ocrx_word' id='word_1_148' title='bbox 311 2344 392 2408; x_wconf 89' lang='lat' dir='ltr'>satis</span> <span class='ocrx_word' id='word_1_149' title='bbox 424 2343 607 2409; x_wconf 82' lang='lat' dir='ltr'>defenditur</span> <span class='ocrx_word' id='word_1_150' title='bbox 637 2344 762 2429; x_wconf 89' lang='lat' dir='ltr'>hiatus,</span> <span class='ocrx_word' id='word_1_151' title='bbox 794 2345 952 2410; x_wconf 91' lang='lat' dir='ltr'>orationis</span> <span class='ocrx_word' id='word_1_152' title='bbox 984 2344 1122 2409; x_wconf 87' lang='lat' dir='ltr'>iustitio.</span> <span class='ocrx_word' id='word_1_153' title='bbox 1166 2342 1301 2408; x_wconf 87' lang='lat' dir='ltr'>Praeter</span> <span class='ocrx_word' id='word_1_154' title='bbox 1332 2343 1392 2408; x_wconf 88' lang='lat' dir='ltr'>illa</span> <span class='ocrx_word' id='word_1_155' title='bbox 1423 2345 1458 2408; x_wconf 89' lang='lat' dir='ltr'>in</span> 
     </span>
     <span class='ocr_line' id='line_1_20' title="bbox 311 2449 1458 2536; baseline 0 -22"><span class='ocrx_word' id='word_1_156' title='bbox 311 2453 381 2514; x_wconf 84' lang='lat' dir='ltr'>tote</span> <span class='ocrx_word' id='word_1_157' title='bbox 408 2449 520 2516; x_wconf 91' lang='lat' dir='ltr'>fabula</span> <span class='ocrx_word' id='word_1_158' title='bbox 548 2472 614 2515; x_wconf 92' lang='lat' dir='ltr'>non</span> <span class='ocrx_word' id='word_1_159' title='bbox 642 2451 751 2536; x_wconf 88' lang='lat' dir='ltr'>plures</span> <span class='ocrx_word' id='word_1_160' title='bbox 780 2474 876 2536; x_wconf 88' lang='lat' dir='ltr'>quam</span> <span class='ocrx_word' id='word_1_161' title='bbox 905 2474 960 2516; x_wconf 87' lang='lat' dir='ltr'>sex</span> <span class='ocrx_word' id='word_1_162' title='bbox 988 2454 1152 2536; x_wconf 85' lang='lat' dir='ltr'>septemve</span> <span class='ocrx_word' id='word_1_163' title='bbox 1179 2472 1290 2515; x_wconf 84' lang='lat' dir='ltr'>versus</span> <span class='ocrx_word' id='word_1_164' title='bbox 1321 2453 1458 2532; x_wconf 84' lang='lat' dir='ltr'>exstant,</span> 
     </span>
    </p>
   </div>
   <div class='ocr_carea' id='block_1_3' title="bbox 310 2556 1459 3069">
    <p class='ocr_par' dir='ltr' id='par_1_4' title="bbox 310 2556 1459 3069">
     <span class='ocr_line' id='line_1_21' title="bbox 312 2556 1457 2646; baseline 0 -27"><span class='ocrx_word' id='word_1_165' title='bbox 312 2556 504 2640; x_wconf 91' lang='lat' dir='ltr'>inquorum</span> <span class='ocrx_word' id='word_1_166' title='bbox 528 2579 661 2622; x_wconf 87' lang='lat' dir='ltr'>caesura</span> <span class='ocrx_word' id='word_1_167' title='bbox 689 2557 816 2624; x_wconf 89' lang='lat' dir='ltr'>hiatum</span> <span class='ocrx_word' id='word_1_168' title='bbox 845 2558 960 2646; x_wconf 88' lang='lat' dir='ltr'>scripti</span> <span class='ocrx_word' id='word_1_169' title='bbox 986 2557 1061 2622; x_wconf 90' lang='lat' dir='ltr'>libri</span> <span class='ocrx_word' id='word_1_170' title='bbox 1089 2561 1251 2624; x_wconf 73' lang='lat' dir='ltr'>testentur</span> <span class='ocrx_word' id='word_1_171' title='bbox 1274 2556 1325 2620; x_wconf 86' lang='lat' dir='ltr'>vel</span> <span class='ocrx_word' id='word_1_172' title='bbox 1348 2556 1457 2640; x_wconf 85' lang='lat' dir='ltr'>potius</span> 
     </span>
     <span class='ocr_line' id='line_1_22' title="bbox 311 2662 1459 2749; baseline 0.001 -23"><span class='ocrx_word' id='word_1_173' title='bbox 311 2662 427 2726; x_wconf 86' lang='lat' dir='ltr'>testari</span> <span class='ocrx_word' id='word_1_174' title='bbox 455 2663 638 2729; x_wconf 85' lang='lat' dir='ltr'>videantur:</span> <span class='ocrx_word' id='word_1_175' title='bbox 666 2687 683 2727; x_wconf 92' lang='lat' dir='ltr'>e</span> <span class='ocrx_word' id='word_1_176' title='bbox 711 2664 827 2749; x_wconf 88' lang='lat' dir='ltr'>quibus</span> <span class='ocrx_word' id='word_1_177' title='bbox 855 2665 912 2730; x_wconf 93' lang='lat' dir='ltr'>ubi</span> <span class='ocrx_word' id='word_1_178' title='bbox 940 2686 994 2730; x_wconf 86' lang='lat' dir='ltr'>eos</span> <span class='ocrx_word' id='word_1_179' title='bbox 1023 2663 1213 2748; x_wconf 85' lang='lat' dir='ltr'>dempseris,</span> <span class='ocrx_word' id='word_1_180' title='bbox 1241 2686 1379 2749; x_wconf 90' lang='lat' dir='ltr'>quorum</span> <span class='ocrx_word' id='word_1_181' title='bbox 1402 2666 1459 2728; x_wconf 88' lang='lat' dir='ltr'>aut</span> 
     </span>
     <span class='ocr_line' id='line_1_23' title="bbox 311 2768 1457 2856; baseline 0.003 -24"><span class='ocrx_word' id='word_1_182' title='bbox 311 2768 482 2834; x_wconf 88' lang='lat' dir='ltr'>nulla-aut</span> <span class='ocrx_word' id='word_1_183' title='bbox 505 2775 656 2856; x_wconf 87' lang='lat' dir='ltr'>suspecta</span> <span class='ocrx_word' id='word_1_184' title='bbox 674 2771 763 2855; x_wconf 88' lang='lat' dir='ltr'>fides,</span> <span class='ocrx_word' id='word_1_185' title='bbox 786 2772 953 2856; x_wconf 88' lang='lat' dir='ltr'>aliquanto</span> <span class='ocrx_word' id='word_1_186' title='bbox 973 2771 1072 2836; x_wconf 87' lang='lat' dir='ltr'>etiam</span> <span class='ocrx_word' id='word_1_187' title='bbox 1091 2772 1260 2856; x_wconf 84' lang='lat' dir='ltr'>pauciores</span> <span class='ocrx_word' id='word_1_188' title='bbox 1280 2771 1457 2836; x_wconf 83' lang='lat' dir='ltr'>restabunt</span> 
     </span>
     <span class='ocr_line' id='line_1_24' title="bbox 311 2873 1457 2964; baseline 0.004 -26"><span class='ocrx_word' id='word_1_189' title='bbox 311 2873 386 2939; x_wconf 88' lang='lat' dir='ltr'>Pari</span> <span class='ocrx_word' id='word_1_190' title='bbox 409 2879 583 2964; x_wconf 89' lang='lat' dir='ltr'>utrumque</span> <span class='ocrx_word' id='word_1_191' title='bbox 607 2897 708 2963; x_wconf 83' lang='lat' dir='ltr'>genus</span> <span class='ocrx_word' id='word_1_192' title='bbox 732 2879 942 2963; x_wconf 89' lang='lat' dir='ltr'>proportione</span> <span class='ocrx_word' id='word_1_193' title='bbox 966 2878 998 2942; x_wconf 93' lang='lat' dir='ltr'>in</span> <span class='ocrx_word' id='word_1_194' title='bbox 1018 2875 1234 2943; x_wconf 89' lang='lat' dir='ltr'>Bacchidibus</span> <span class='ocrx_word' id='word_1_195' title='bbox 1253 2881 1317 2943; x_wconf 86' lang='lat' dir='ltr'>est:</span> <span class='ocrx_word' id='word_1_196' title='bbox 1340 2878 1372 2943; x_wconf 93' lang='lat' dir='ltr'>in</span> <span class='ocrx_word' id='word_1_197' title='bbox 1393 2900 1457 2963; x_wconf 90' lang='lat' dir='ltr'>qua</span> 
     </span>
     <span class='ocr_line' id='line_1_25' title="bbox 310 2971 1456 3069; baseline 0.003 -24"><span class='ocrx_word' id='word_1_198' title='bbox 310 2971 423 3046; x_wconf 87' lang='lat' dir='ltr'>fabula</span> <span class='ocrx_word' id='word_1_199' title='bbox 446 3005 463 3047; x_wconf 90' lang='lat' dir='ltr'>e</span> <span class='ocrx_word' id='word_1_200' title='bbox 485 2984 559 3069; x_wconf 91' lang='lat' dir='ltr'>plus</span> <span class='ocrx_word' id='word_1_201' title='bbox 582 2983 737 3050; x_wconf 86' lang='lat' dir='ltr'>trecentis</span> <span class='ocrx_word' id='word_1_202' title='bbox 761 2983 953 3068; x_wconf 87' lang='lat' dir='ltr'>septenariis</span> <span class='ocrx_word' id='word_1_203' title='bbox 975 2983 1150 3049; x_wconf 85' lang='lat' dir='ltr'>trochaicis</span> <span class='ocrx_word' id='word_1_204' title='bbox 1172 2984 1299 3049; x_wconf 89' lang='lat' dir='ltr'>hiatum</span> <span class='ocrx_word' id='word_1_205' title='bbox 1318 3007 1356 3049; x_wconf 85' lang='lat' dir='ltr'>ex</span> <span class='ocrx_word' id='word_1_206' title='bbox 1375 2982 1456 3049; x_wconf 89' lang='lat' dir='ltr'>Her·</span> 
     </span>
    </p>
   </div>
   <div class='ocr_carea' id='block_1_4' title="bbox 310 3087 1457 3284">
    <p class='ocr_par' dir='ltr' id='par_1_5' title="bbox 310 3087 1457 3284">
     <span class='ocr_line' id='line_1_26' title="bbox 310 3087 1456 3176; baseline 0.003 -24"><span class='ocrx_word' id='word_1_207' title='bbox 310 3091 423 3154; x_wconf 90' lang='lat' dir='ltr'>manni</span> <span class='ocrx_word' id='word_1_208' title='bbox 455 3092 642 3157; x_wconf 86' lang='lat' dir='ltr'>recensione</span> <span class='ocrx_word' id='word_1_209' title='bbox 674 3114 728 3156; x_wconf 82' lang='lat' dir='ltr'>sex</span> <span class='ocrx_word' id='word_1_210' title='bbox 762 3091 972 3157; x_wconf 87' lang='lat' dir='ltr'>admiserunt:</span> <span class='ocrx_word' id='word_1_211' title='bbox 1005 3114 1033 3156; x_wconf 85' lang='lat' dir='ltr'>v.</span> <span class='ocrx_word' id='word_1_212' title='bbox 1062 3091 1114 3156; x_wconf 83' lang='lat'>55.</span> <span class='ocrx_word' id='word_1_213' title='bbox 1144 3087 1259 3176; x_wconf 81' lang='lat'>362.*)</span> <span class='ocrx_word' id='word_1_214' title='bbox 1289 3091 1364 3155; x_wconf 88' lang='grc'><strong>396.</strong></span> <span class='ocrx_word' id='word_1_215' title='bbox 1391 3091 1456 3155; x_wconf 87' lang='grc'>399</span> 
     </span>
     <span class='ocr_line' id='line_1_27' title="bbox 313 3195 1457 3284; baseline 0.003 -25"><span class='ocrx_word' id='word_1_216' title='bbox 313 3195 401 3274; x_wconf 86' lang='lat' dir='ltr'>[vide</span> <span class='ocrx_word' id='word_1_217' title='bbox 423 3197 533 3279; x_wconf 64' lang='lat' dir='ltr'>infra}</span> <span class='ocrx_word' id='word_1_218' title='bbox 556 3200 631 3262; x_wconf 82' lang='lat'>414.</span> <span class='ocrx_word' id='word_1_219' title='bbox 654 3195 768 3284; x_wconf 78' lang='lat'>415*),</span> <span class='ocrx_word' id='word_1_220' title='bbox 790 3203 959 3283; x_wconf 89' lang='lat' dir='ltr'>praeterea</span> <span class='ocrx_word' id='word_1_221' title='bbox 982 3199 1139 3264; x_wconf 89' lang='lat' dir='ltr'>octonarii</span> <span class='ocrx_word' id='word_1_222' title='bbox 1164 3197 1226 3262; x_wconf 89' lang='lat' dir='ltr'>duo</span> <span class='ocrx_word' id='word_1_223' title='bbox 1251 3197 1360 3282; x_wconf 54' lang='lat'>5803&gt;</span> <span class='ocrx_word' id='word_1_224' title='bbox 1384 3199 1457 3264; x_wconf 83' lang='lat'>582.</span> 
     </span>
    </p>
   </div>
   <div class='ocr_carea' id='block_1_5' title="bbox 309 3301 1457 3921">
    <p class='ocr_par' dir='ltr' id='par_1_6' title="bbox 309 3301 1457 3921">
     <span class='ocr_line' id='line_1_28' title="bbox 311 3301 1456 3390; baseline 0.002 -24"><span class='ocrx_word' id='word_1_225' title='bbox 311 3301 403 3366; x_wconf 90' lang='lat' dir='ltr'>Vnde</span> <span class='ocrx_word' id='word_1_226' title='bbox 432 3305 512 3368; x_wconf 85' lang='lat' dir='ltr'>satis</span> <span class='ocrx_word' id='word_1_227' title='bbox 541 3309 621 3388; x_wconf 93' lang='lat' dir='ltr'>puto</span> <span class='ocrx_word' id='word_1_228' title='bbox 650 3309 798 3390; x_wconf 91' lang='lat' dir='ltr'>apparet,</span> <span class='ocrx_word' id='word_1_229' title='bbox 826 3329 921 3390; x_wconf 90' lang='lat' dir='ltr'>quam</span> <span class='ocrx_word' id='word_1_230' title='bbox 951 3327 1017 3370; x_wconf 91' lang='lat' dir='ltr'>non</span> <span class='ocrx_word' id='word_1_231' title='bbox 1045 3306 1089 3369; x_wconf 85' lang='lat' dir='ltr'>sit</span> <span class='ocrx_word' id='word_1_232' title='bbox 1115 3305 1147 3368; x_wconf 91' lang='lat' dir='ltr'>in</span> <span class='ocrx_word' id='word_1_233' title='bbox 1178 3303 1300 3369; x_wconf 89' lang='lat' dir='ltr'>deliciis</span> <span class='ocrx_word' id='word_1_234' title='bbox 1324 3305 1456 3369; x_wconf 89' lang='lat' dir='ltr'>habitus</span> 
     </span>
     <span class='ocr_line' id='line_1_29' title="bbox 310 3408 1455 3496; baseline 0 -24"><span class='ocrx_word' id='word_1_235' title='bbox 310 3408 363 3472; x_wconf 86' lang='lat' dir='ltr'>vel</span> <span class='ocrx_word' id='word_1_236' title='bbox 390 3409 530 3474; x_wconf 86' lang='lat' dir='ltr'>maxime</span> <span class='ocrx_word' id='word_1_237' title='bbox 558 3409 725 3496; x_wconf 81' lang='lat' dir='ltr'>legitimus</span> <span class='ocrx_word' id='word_1_238' title='bbox 755 3410 874 3475; x_wconf 88' lang='lat' dir='ltr'>hiatus.</span> <span class='ocrx_word' id='word_1_239' title='bbox 920 3409 990 3486; x_wconf 81' lang='lat' dir='ltr'>Quo</span> <span class='ocrx_word' id='word_1_240' title='bbox 1020 3411 1125 3496; x_wconf 81' lang='lat' dir='ltr'>magis</span> <span class='ocrx_word' id='word_1_241' title='bbox 1155 3414 1250 3475; x_wconf 91' lang='lat' dir='ltr'>cauto</span> <span class='ocrx_word' id='word_1_242' title='bbox 1280 3431 1362 3494; x_wconf 87' lang='lat' dir='ltr'>opus</span> <span class='ocrx_word' id='word_1_243' title='bbox 1386 3431 1455 3475; x_wconf 86' lang='lat' dir='ltr'>esse</span> 
     </span>
     <span class='ocr_line' id='line_1_30' title="bbox 310 3513 1457 3601; baseline 0.003 -24"><span class='ocrx_word' id='word_1_244' title='bbox 310 3513 520 3600; x_wconf 81' lang='lat' dir='ltr'>intellegitur,</span> <span class='ocrx_word' id='word_1_245' title='bbox 542 3537 583 3580; x_wconf 91' lang='lat' dir='ltr'>ne</span> <span class='ocrx_word' id='word_1_246' title='bbox 606 3515 690 3600; x_wconf 90' lang='lat' dir='ltr'>quod</span> <span class='ocrx_word' id='word_1_247' title='bbox 713 3517 782 3582; x_wconf 86' lang='lat' dir='ltr'>fieri</span> <span class='ocrx_word' id='word_1_248' title='bbox 806 3518 950 3601; x_wconf 86' lang='lat' dir='ltr'>potuisse</span> <span class='ocrx_word' id='word_1_249' title='bbox 973 3515 1212 3582; x_wconf 84' lang='lat' dir='ltr'>concedendurn</span> <span class='ocrx_word' id='word_1_250' title='bbox 1235 3517 1288 3600; x_wconf 89' lang='lat' dir='ltr'>sit,</span> <span class='ocrx_word' id='word_1_251' title='bbox 1311 3515 1457 3600; x_wconf 88' lang='lat' dir='ltr'>cupidius</span> 
     </span>
     <span class='ocr_line' id='line_1_31' title="bbox 311 3619 1456 3709; baseline 0.003 -26"><span class='ocrx_word' id='word_1_252' title='bbox 311 3619 460 3685; x_wconf 88' lang='lat' dir='ltr'>credatur</span> <span class='ocrx_word' id='word_1_253' title='bbox 488 3621 610 3686; x_wconf 82' lang='lat' dir='ltr'>iactum</span> <span class='ocrx_word' id='word_1_254' title='bbox 641 3643 711 3689; x_wconf 85' lang='lat' dir='ltr'>esse</span> <span class='ocrx_word' id='word_1_255' title='bbox 741 3646 861 3688; x_wconf 87' lang='lat' dir='ltr'>revera.</span> <span class='ocrx_word' id='word_1_256' title='bbox 908 3623 995 3700; x_wconf 82' lang='lat' dir='ltr'>Quae</span> <span class='ocrx_word' id='word_1_257' title='bbox 1027 3624 1135 3689; x_wconf 91' lang='lat' dir='ltr'>cautio</span> <span class='ocrx_word' id='word_1_258' title='bbox 1167 3644 1248 3709; x_wconf 90' lang='lat' dir='ltr'>quas</span> <span class='ocrx_word' id='word_1_259' title='bbox 1281 3623 1314 3686; x_wconf 91' lang='lat' dir='ltr'>in</span> <span class='ocrx_word' id='word_1_260' title='bbox 1346 3627 1456 3708; x_wconf 84' lang='lat' dir='ltr'>partes</span> 
     </span>
     <span class='ocr_line' id='line_1_32' title="bbox 310 3726 1456 3814; baseline 0.003 -25"><span class='ocrx_word' id='word_1_261' title='bbox 310 3726 420 3789; x_wconf 83' lang='lat' dir='ltr'>valeat</span> <span class='ocrx_word' id='word_1_262' title='bbox 447 3748 607 3812; x_wconf 92' lang='lat' dir='ltr'>quamque</span> <span class='ocrx_word' id='word_1_263' title='bbox 636 3729 788 3794; x_wconf 86' lang='lat' dir='ltr'>subtilem</span> <span class='ocrx_word' id='word_1_264' title='bbox 812 3729 1074 3794; x_wconf 85' lang='lat' dir='ltr'>diiudicationem</span> <span class='ocrx_word' id='word_1_265' title='bbox 1099 3728 1232 3812; x_wconf 90' lang='lat' dir='ltr'>habeat,</span> <span class='ocrx_word' id='word_1_266' title='bbox 1260 3729 1363 3814; x_wconf 88' lang='lat' dir='ltr'>ipsius</span> <span class='ocrx_word' id='word_1_267' title='bbox 1386 3727 1456 3793; x_wconf 75' lang='lat' dir='ltr'>&#39;lhi-</span> 
     </span>
     <span class='ocr_line' id='line_1_33' title="bbox 309 3832 1456 3921; baseline 0.003 -25"><span class='ocrx_word' id='word_1_268' title='bbox 309 3832 434 3897; x_wconf 88' lang='lat' dir='ltr'>nummi</span> <span class='ocrx_word' id='word_1_269' title='bbox 458 3836 612 3919; x_wconf 82' lang='lat' dir='ltr'>exemplis</span> <span class='ocrx_word' id='word_1_270' title='bbox 637 3835 800 3900; x_wconf 87' lang='lat' dir='ltr'>declarare</span> <span class='ocrx_word' id='word_1_271' title='bbox 823 3835 909 3920; x_wconf 88' lang='lat' dir='ltr'>licet,</span> <span class='ocrx_word' id='word_1_272' title='bbox 932 3858 1014 3921; x_wconf 90' lang='lat' dir='ltr'>quae</span> <span class='ocrx_word' id='word_1_273' title='bbox 1036 3836 1117 3901; x_wconf 91' lang='lat' dir='ltr'>haee</span> <span class='ocrx_word' id='word_1_274' title='bbox 1141 3840 1217 3900; x_wconf 85' lang='lat' dir='ltr'>sunt</span> <span class='ocrx_word' id='word_1_275' title='bbox 1240 3857 1268 3900; x_wconf 88' lang='lat' dir='ltr'>v.</span> <span class='ocrx_word' id='word_1_276' title='bbox 1287 3837 1363 3900; x_wconf 87' lang='grc'><strong>311.</strong></span> <span class='ocrx_word' id='word_1_277' title='bbox 1381 3835 1456 3900; x_wconf 92' lang='grc'><strong>606.</strong></span> 
     </span>
    </p>
   </div>
   <div class='ocr_carea' id='block_1_6' title="bbox 312 3940 1121 4027">
    <p class='ocr_par' dir='ltr' id='par_1_7' title="bbox 312 3940 1121 4027">
     <span class='ocr_line' id='line_1_34' title="bbox 312 3940 1121 4027; baseline 0.002 -23"><span class='ocrx_word' id='word_1_278' title='bbox 312 3941 386 4005; x_wconf 88' lang='grc'><strong>613.</strong></span> <span class='ocrx_word' id='word_1_279' title='bbox 410 3940 542 4027; x_wconf 79' lang='lat'>652.**)</span> <span class='ocrx_word' id='word_1_280' title='bbox 567 3942 641 4006; x_wconf 94' lang='grc'><strong>990.</strong></span> <span class='ocrx_word' id='word_1_281' title='bbox 670 3943 753 4006; x_wconf 82' lang='lat'>1025</span> <span class='ocrx_word' id='word_1_282' title='bbox 778 3943 831 4022; x_wconf 88' lang='lat' dir='ltr'>[cf.</span> <span class='ocrx_word' id='word_1_283' title='bbox 854 3965 883 4026; x_wconf 89' lang='lat' dir='ltr'>p.</span> <span class='ocrx_word' id='word_1_284' title='bbox 908 3941 997 4022; x_wconf 74' lang='lat'><strong>3371.</strong></span> <span class='ocrx_word' id='word_1_285' title='bbox 1024 3943 1121 4006; x_wconf 79' lang='lat'>1124:</span> 
     </span>
    </p>
   </div>
   <div class='ocr_carea' id='block_1_7' title="bbox 399 4081 1457 4273">
    <p class='ocr_par' dir='ltr' id='par_1_8' title="bbox 399 4081 1457 4273">
     <span class='ocr_line' id='line_1_35' title="bbox 399 4081 1457 4170; baseline -0.002 -20"><span class='ocrx_word' id='word_1_286' title='bbox 399 4081 510 4150; x_wconf 88' lang='lat' dir='ltr'>Nimio</span> <span class='ocrx_word' id='word_1_287' title='bbox 529 4083 656 4168; x_wconf 85' lang='lat' dir='ltr'>satiust,</span> <span class='ocrx_word' id='word_1_288' title='bbox 675 4088 712 4148; x_wconf 82' lang='lat' dir='ltr'>ut</span> <span class='ocrx_word' id='word_1_289' title='bbox 730 4087 835 4167; x_wconf 87' lang='lat' dir='ltr'>opust,</span> <span class='ocrx_word' id='word_1_290' title='bbox 853 4086 886 4147; x_wconf 86' lang='lat' dir='ltr'>te</span> <span class='ocrx_word' id='word_1_291' title='bbox 905 4085 952 4148; x_wconf 80' lang='lat' dir='ltr'>iio</span> <span class='ocrx_word' id='word_1_292' title='bbox 969 4085 1039 4170; x_wconf 75' lang='lat' dir='ltr'>esse,</span> <span class='ocrx_word' id='word_1_293' title='bbox 1057 4107 1154 4169; x_wconf 88' lang='lat' dir='ltr'>quam</span> <span class='ocrx_word' id='word_1_294' title='bbox 1174 4089 1210 4150; x_wconf 91' lang='lat' dir='ltr'>ut</span> <span class='ocrx_word' id='word_1_295' title='bbox 1229 4083 1338 4151; x_wconf 80' lang='lat' dir='ltr'>animo</span> <span class='ocrx_word' id='word_1_296' title='bbox 1358 4085 1457 4150; x_wconf 87' lang='lat' dir='ltr'>lubet.</span> 
     </span>
     <span class='ocr_line' id='line_1_36' title="bbox 399 4185 1321 4273; baseline 0.003 -19"><span class='ocrx_word' id='word_1_297' title='bbox 399 4187 475 4255; x_wconf 84' lang='lat' dir='ltr'>Ndn</span> <span class='ocrx_word' id='word_1_298' title='bbox 497 4189 649 4255; x_wconf 87' lang='lat' dir='ltr'>credibile</span> <span class='ocrx_word' id='word_1_299' title='bbox 672 4185 762 4254; x_wconf 89' lang='lat' dir='ltr'>dicis.</span> <span class='ocrx_word' id='word_1_300' title='bbox 799 4190 844 4253; x_wconf 88' lang='lat' dir='ltr'>At</span> <span class='ocrx_word' id='word_1_301' title='bbox 867 4196 900 4254; x_wconf 81' lang='lat' dir='ltr'>ta</span> <span class='ocrx_word' id='word_1_302' title='bbox 923 4191 1025 4273; x_wconf 69' lang='lat' dir='ltr'>edepol</span> <span class='ocrx_word' id='word_1_303' title='bbox 1047 4191 1156 4256; x_wconf 89' lang='lat' dir='ltr'>nullus</span> <span class='ocrx_word' id='word_1_304' title='bbox 1180 4192 1321 4258; x_wconf 77' lang='lat' dir='ltr'>creduas.</span> 
     </span>
    </p>
   </div>
   <div class='ocr_carea' id='block_1_8' title="bbox 381 4399 1397 4562">
    <p class='ocr_par' dir='ltr' id='par_1_9' title="bbox 381 4399 1397 4562">
     <span class='ocr_line' id='line_1_37' title="bbox 399 4399 970 4471; baseline 0.007 -17"><span class='ocrx_word' id='word_1_305' title='bbox 399 4403 425 4469; x_wconf 65' lang='grc' dir='ltr'>Ι1)</span> <span class='ocrx_word' id='word_1_306' title='bbox 444 4401 497 4470; x_wconf 83' lang='grc'><strong>[01.</strong></span> <span class='ocrx_word' id='word_1_307' title='bbox 516 4401 588 4458; x_wconf 78' lang='lat' dir='ltr'>Noa.</span> <span class='ocrx_word' id='word_1_308' title='bbox 607 4417 665 4456; x_wconf 86' lang='lat' dir='ltr'>exc.</span> <span class='ocrx_word' id='word_1_309' title='bbox 684 4399 776 4455; x_wconf 87' lang='lat' dir='ltr'>Plaut.</span> <span class='ocrx_word' id='word_1_310' title='bbox 795 4399 808 4453; x_wconf 94' lang='lat'>1</span> <span class='ocrx_word' id='word_1_311' title='bbox 827 4419 854 4471; x_wconf 87' lang='lat' dir='ltr'>p.</span> <span class='ocrx_word' id='word_1_312' title='bbox 874 4401 970 4471; x_wconf 67' lang='lat' dir='ltr'>cosp]</span> 
     </span>
     <span class='ocr_line' id='line_1_38' title="bbox 381 4488 1397 4562; baseline 0.023 -25"><span class='ocrx_word' id='word_1_313' title='bbox 381 4489 423 4558; x_wconf 65' lang='lat'>³⁸)</span> <span class='ocrx_word' id='word_1_314' title='bbox 442 4489 495 4558; x_wconf 91' lang='lat' dir='ltr'>[De</span> <span class='ocrx_word' id='word_1_315' title='bbox 513 4489 568 4543; x_wconf 90' lang='lat' dir='ltr'>hoc</span> <span class='ocrx_word' id='word_1_316' title='bbox 586 4505 669 4543; x_wconf 85' lang='lat' dir='ltr'>versu</span> <span class='ocrx_word' id='word_1_317' title='bbox 687 4488 722 4544; x_wconf 78' lang='lat' dir='ltr'>cs.</span> <span class='ocrx_word' id='word_1_318' title='bbox 742 4489 844 4558; x_wconf 88' lang='lat' dir='ltr'>Opusc.</span> <span class='ocrx_word' id='word_1_319' title='bbox 864 4490 931 4560; x_wconf 85' lang='lat' dir='ltr'>phil.</span> <span class='ocrx_word' id='word_1_320' title='bbox 952 4489 990 4544; x_wconf 90' lang='lat' dir='ltr'>llI</span> <span class='ocrx_word' id='word_1_321' title='bbox 1009 4509 1033 4559; x_wconf 90' lang='lat' dir='ltr'>p.</span> <span class='ocrx_word' id='word_1_322' title='bbox 1055 4497 1088 4544; x_wconf 74' lang='lat'>62</span> <span class='ocrx_word' id='word_1_323' title='bbox 1108 4493 1144 4558; x_wconf 86' lang='lat' dir='ltr'>(v.</span> <span class='ocrx_word' id='word_1_324' title='bbox 1163 4505 1248 4562; x_wconf 75' lang='lat' dir='ltr'>supra</span> <span class='ocrx_word' id='word_1_325' title='bbox 1266 4509 1292 4561; x_wconf 83' lang='lat' dir='ltr'>p·</span> <span class='ocrx_word' id='word_1_326' title='bbox 1313 4491 1397 4560; x_wconf 77' lang='lat' dir='ltr'>³2⁹)l</span> 
     </span>
    </p>
   </div>
   <div class='ocr_carea' id='block_1_9' title="bbox 0 0 1670 5074">
    <p class='ocr_par' dir='ltr' id='par_1_10' title="bbox 0 0 1670 5074">
     <span class='ocr_line' id='line_1_39' title="bbox 0 0 1670 5074; baseline 0 0"><span class='ocrx_word' id='word_1_327' title='bbox 0 0 1670 5074; x_wconf 95' lang='lat' dir='ltr'> </span> 
     </span>
    </p>
   </div>
  </div>
 </body>
</html>
