3332 5074
548 407 812 458 auauuarrours
836 406 1046 456 rusvrruns.
1303 389 1368 456 407
1448 377 1453 388 “

224 551 379 618 nimirum
403 552 593 637 trisyllabas
616 552 720 618 factas
744 573 761 616 e
785 549 1045 636 quadrisyllabis.
1068 585 1105 596 —
1131 547 1283 616 Ceterum
1306 548 1369 616 etsi

222 660 285 724 scio
313 681 441 745 quoque
470 661 503 724 et
528 660 627 726 aarum
655 658 894 743 monosyllaba,
927 661 964 724 ut
985 678 1050 724 mro
1072 657 1124 722 vel
1148 677 1261 735 meam,
1294 659 1369 722 ante

224 765 369 831 vocalem
392 764 587 852 aliquotiens
610 788 744 852 prorsus
768 765 973 848 devorantur,
995 768 1105 830 tamen
1123 763 1299 848 diligenter
1317 783 1368 827 ca-

223 872 363 938 vendum
387 876 438 938 est
459 894 516 957 ne,
537 872 624 958 quod
646 872 751 938 refelli
775 870 912 937 rat-ionis
935 871 1129 938 necessitate
1152 873 1305 956 nequeat,
1327 868 1368 934 ad

224 976 415 1043 elevandam
439 976 637 1063 elegantiam
660 977 961 1062 obscurandamque
988 979 1254 1062 perspicuitatem
1277 975 1367 1041 adhi-

223 1085 348 1150 beatur.
388 1083 430 1148 Ei
453 1085 597 1151 cautioni
620 1107 693 1151 cum
716 1085 797 1150 alibi
820 1085 910 1150 locus
934 1087 984 1150 est
1006 1087 1076 1150 tum
1099 1083 1187 1150 ltin.
1206 1105 1238 1150 v.
1252 1083 1296 1150 96
1311 1104 1368 1168 sq,

226 1212 364 1276 quorum
386 1211 538 1258 versuum
562 1191 623 1257 etsi
645 1191 730 1258 hanc
753 1191 996 1277 discriptionem

312 1331 347 1398 Si
370 1333 403 1398 id
426 1335 492 1400 n6n
515 1356 566 1399 me
591 1355 732 1419 accusas,
754 1337 823 1398 tutte
846 1333 917 1418 ipse
940 1331 1160 1416 obiurgandus
1183 1353 1227 1398 es.

313 1438 386 1504 Scio
410 1444 443 1505 et
461 1439 490 1506 ei
510 1439 576 1506 alia
595 1439 657 1504 huc
676 1461 773 1505 causa
792 1439 833 1504 ad
851 1441 884 1504 te
904 1439 1031 1524 ddueni,
1050 1460 1187 1524 aequom
1205 1438 1366 1522 pdstnlas:

222 1583 270 1648 ita
293 1582 444 1648 defendas
466 1582 543 1648 licet
566 1605 639 1648 cum
652 1581 767 1650 Wasio
790 1604 820 1667 p.
838 1583 910 1668 112,
933 1586 970 1648 ut
991 1583 1053 1650 scio
1075 1587 1104 1648 et
1125 1604 1184 1668 pro
1208 1604 1272 1647 uua
1296 1602 1367 1647 esse

225 1689 353 1774 syllaba
380 1687 482 1774 dicas,
514 1689 548 1753 id
576 1689 661 1775 quod
689 1687 812 1754 factum
837 1691 887 1754 est
910 1688 989 1754 alibi
1013 1687 1063 1774 (ut
1085 1686 1171 1753 Men.
1193 1686 1251 1773 IV,
1273 1687 1308 1770 3,
1331 1687 1366 1750 3:

221 1794 297 1862 Scio
324 1795 401 1878 quid
426 1799 471 1860 est
491 1795 573 1877 quod
593 1815 645 1878 epo
667 1795 710 1860 dd
732 1800 759 1860 te
780 1795 893 1860 mio?
926 1794 997 1861 Scio
1021 1796 1055 1860 rit
1077 1795 1133 1860 tibi
1154 1815 1191 1860 eo
1213 1815 1261 1862 me
1281 1791 1365 1882 εἰμ’)

220 1899 339 1988 uolup),
362 1906 471 1966 tamen
495 1923 593 1986 quam
614 1900 716 1967 fallax
739 1903 783 1966 sit
805 1900 1026 1967 insolentioris
1046 1901 1233 1986 asperitatis
1252 1923 1365 1986 appro

220 2007 325 2092 butio,
354 2008 405 2074 vel
429 2007 510 2072 illud
534 2007 628 2074 docet
652 2008 752 2094 quod,
775 2031 847 2074 cum
871 2007 950 2073 alibi
973 2029 993 2072 a
1015 2007 1109 2072 nobis
1133 2009 1261 2073 demum
1284 2007 1366 2072 eius·

220 2114 307 2180 modi
330 2115 393 2180 scio
417 2115 458 2178 ab
482 2135 530 2197 eo,
553 2115 604 2180 cni
627 2115 662 2179 in
685 2115 779 2180 libris
803 2115 1043 2200 agglutinatum
1067 2118 1125 2198 est,
1147 2135 1243 2180 versu
1267 2113 1365 2180 divel-

220 2220 352 2286 lendum
375 2221 420 2284 sit
442 2223 475 2284 et
497 2241 570 2284 cnm
594 2219 749 2306 contiguo
774 2219 976 2304 sociandum,
1003 2219 1061 2285 illo
1084 2220 1157 2286 loco
1178 2219 1241 2286 scio
1263 2220 1364 2306 priori

220 2328 328 2393 versui
351 2328 384 2392 in
407 2326 480 2412 ipso
498 2327 533 2394 B
557 2323 771 2413 adhaerere>
804 2325 889 2392 Item
912 2348 941 2391 v.
955 2327 1019 2392 937
1045 2331 1082 2392 ut
1104 2325 1232 2393 defendi
1256 2327 1365 2414 aliqua

218 2435 344 2500 ratione
363 2433 479 2520 possit,
502 2433 587 2518 quod
606 2432 670 2499 fuit
692 2433 747 2520 qui
769 2437 972 2519 proponeret,
993 2433 1075 2516 codd
1091 2455 1143 2518 ayo
1160 2435 1257 2502 saram
1274 2434 1365 2517 diotre

217 2541 267 2608 oe
298 2541 427 2620 meiat,
461 2544 571 2606 tamen
599 2540 703 2605 malae
737 2543 865 2606 tanturn
891 2539 1157 2626 interpretationi
1185 2542 1264 2607 haec
1292 2542 1364 2628 ipsa

221 2647 359 2714 mutatio
383 2647 525 2714 debetur.
571 2646 658 2712 Nam
681 2668 753 2712 cum
776 2647 905 2731 integer
925 2668 1037 2713 versus
1061 2648 1114 2713 hic
1138 2647 1194 2714 sit:

308 2789 381 2874 Qui,
399 2791 529 2875 egomet
545 2788 629 2855 unde
648 2789 787 2874 re‘deam,
804 2787 890 2854 hune
905 2789 1053 2875 rogitem,
1072 2811 1167 2875 quae
1186 2790 1246 2875 e‘go
1261 2788 1361 2855 sciam

1017 2899 1113 2980 atque
1136 2895 1189 2962 hic
1212 2897 1348 2962 ne‘sciat:

220 3021 316 3086 facile
347 3019 547 3105 intellegitur
575 3039 642 3084 non
670 3019 752 3084 illud
782 3043 884 3086 uuum
907 3018 1113 3086 Charmidem
1140 3021 1299 3086 sciscitari
1327 3023 1361 3088 in

218 3148 282 3211 quo
311 3128 383 3194 loco
411 3129 612 3213 postremum
641 3131 858 3192 commoratus
882 3128 925 3193 sit
950 3127 1166 3212 sucophanta,
1198 3129 1254 3192 sed
1278 3149 1361 3212 qnae

217 3233 290 3300 loca
320 3237 394 3300 ante
424 3233 565 3299 reditum
595 3255 689 3299 suurn
719 3235 953 3321 peragraverit:
990 3255 1092 3319 eoque
1121 3234 1256 3317 pluralis
1283 3255 1362 3317 puae

217 3343 349 3424 spectat
1265 3337 1268 3344 ’

305 3445 440 3511 Praeter
457 3446 470 3510 i
487 3445 631 3511 litteram
656 3447 827 3531 rynizesim
845 3467 861 3512 e
880 3451 912 3512 et
929 3469 952 3512 a
969 3447 1096 3514 vocales
1120 3447 1262 3514 ascivere
1286 3448 1359 3515 aliia
1373 3479 1470 3520 oumv

218 3550 386 3617 vocalibus
409 3551 600 3637 insidentes,
632 3554 665 3617 et
687 3574 702 3618 e
724 3552 853 3637 quidem
876 3575 942 3620 non
964 3554 999 3618 in
1021 3554 1207 3620 nominibus
1230 3537 1359 3620 tantum

216 3661 307 3725 deus
323 3679 422 3723 meus
444 3662 477 3723 et
498 3661 531 3724 s'e
548 3660 643 3725 idem
667 3660 893 3743 pronominum
911 3660 1025 3726 formis
1045 3658 1279 3747 omnibus***),
1302 3661 1359 3727 ssd

217 3765 316 3830 etiam
344 3765 378 3828 in
406 3765 451 3830 ire
478 3765 569 3831 verbi
597 3766 711 3831 formis
734 3766 812 3831 item
837 3767 1002 3833 omnibus:
1034 3789 1071 3834 eo
1102 3789 1180 3833 cam
1208 3790 1269 3835 eos
1300 3775 1360 3834 eat

215 3892 341 3937 eamus
363 3869 406 3957 (v.
432 3868 532 3957 1078)
554 3874 649 3938 cotis
670 3878 758 3938 caut
780 3876 814 3939 et
835 3879 928 3939 eunt.
965 3873 1037 3952 Quo
1061 3875 1184 3940 lirmins
1208 3875 1288 3941 illud
1311 3880 1357 3940 te·

214 3978 370 4062 nendum,
396 3999 575 4063 numquam
603 3979 743 4045 similem
771 3981 1026 4046 contractionem
1054 3980 1105 4047 vel
1133 3981 1167 4045 in
1199 3979 1358 4046 secundae

323 4153 349 4222 *)
368 4153 457 4226 [Scior
475 4154 526 4208 tos
543 4170 577 4210 ra
594 4171 635 4209 rna
652 4159 684 4209 at
700 4156 738 4209 sit
756 4154 785 4210 in
801 4155 936 4212 editione:
956 4155 990 4212 ct.
1007 4155 1108 4226 Opusc.
1123 4155 1191 4226 phil
1203 4155 1229 4210 ΙΙ
1244 4173 1271 4226 p.
1282 4157 1356 4230 tot]

303 4241 346 4312 ¹²⁸)
366 4241 418 4314 [cf.
438 4242 538 4313 Opusc.
557 4242 627 4313 phil.
647 4243 673 4297 ΙΙ
691 4261 719 4313 p.
739 4247 854 4317 ΗΜ]

291 4329 348 4402 m)
368 4331 448 4398 Quod
461 4331 515 4388 etei
529 4331 616 4388 etiam
630 4331 667 4387 ad
681 4333 838 4404 composita
852 4339 934 4390 anteo
948 4335 977 4390 et
985 4339 1084 4406 posteo
1100 4332 1243 4405 pertinuit,
1262 4335 1357 4390 tamen

215 4420 385 4493 aliquotiens
408 4421 521 4479 illorum
544 4420 690 4478 inlocum
717 4427 781 4480 cate
807 4425 837 4479 et
858 4423 1018 4496 ignoratum
1040 4423 1126 4494 vulgo
1143 4428 1239 4493 poete
1256 4423 1356 4482 substi-

107 4527 110 4536 ’
214 4510 320 4567 tuenda
338 4526 398 4568 esse
416 4510 485 4567 olim
503 4509 636 4582 probabo.
674 4509 729 4584 [Oi.
749 4511 849 4584 Opnsc.
868 4511 937 4583 phil.
956 4513 983 4567 ll
999 4531 1027 4584 p.
1046 4517 1097 4569 tlt
1108 4512 1182 4586 sqq.]
