3332 5074
479 397 483 405 ’
522 425 783 476 auauorrroms
808 425 1014 474 erraremus.
1283 407 1349 474 435

204 571 254 636 vel
282 571 316 636 in
344 572 410 636 arsi
439 571 567 654 syllaba
595 593 711 655 anceps
740 570 851 650 habet,
880 571 999 656 quippe
1022 570 1056 635 in
1080 569 1201 635 exitum
1226 569 1348 635 ordinis

203 677 381 762 rhythmici
413 679 571 744 incidens:
610 683 724 743 eontra
755 678 789 742 in
822 678 940 742 senarii
972 676 1103 742 iambici
1135 697 1280 760 caesura,
1312 681 1349 741 ut

204 807 285 869 quae
313 785 347 850 in
375 785 516 850 medium
546 785 693 850 ordinem
717 784 936 870 rhythmicum
959 784 1081 848 incidet
1103 781 1245 869 (quando
1269 784 1350 848 iam-

203 892 292 956 bicos
323 913 392 956 esse
422 892 555 957 iambici
585 913 696 956 versus
725 891 853 956 ordines
883 894 1025 976 oportet,
1052 911 1119 955 non
1142 887 1350 976 trochaicae),

203 998 313 1063 hiatus
341 1000 447 1064 locum
475 1021 540 1063 non
570 998 695 1062 habuit.
742 997 845 1074 Quam
869 1019 1019 1062 caesurae
1043 997 1093 1062 vel
1117 997 1183 1062 vim
1208 997 1259 1061 vel
1282 1019 1349 1061 non

203 1105 270 1170 vim
294 1106 446 1170 lictioiam
469 1126 536 1171 non
559 1126 628 1170 esse
657 1105 838 1170 luculenter
860 1105 936 1168 hino
960 1108 1107 1188 apparet,
1135 1102 1219 1188 quod
1247 1105 1350 1169 sicubi

205 1233 370 1277 caesuram
389 1213 440 1278 vel
460 1213 643 1276 trochaicus
663 1211 714 1276 vel
733 1212 829 1296 longe
847 1210 996 1294 plurimis
1016 1211 1172 1294 exemplis
1191 1211 1349 1276 iambicus

204 1323 394 1384 tetrameter
420 1342 487 1384 non
514 1323 589 1403 post
617 1323 766 1383 octavam
793 1317 893 1382 habet
921 1317 978 1382 sed
1006 1321 1082 1401 post
1108 1339 1227 1382 nonam
1252 1317 1349 1401 sylla·

204 1427 289 1510 bam,
306 1425 338 1491 h.
357 1448 383 1492 e.
401 1449 467 1490 non
486 1425 520 1489 in
538 1425 603 1490 fine
625 1426 801 1509 rhythmici
827 1425 947 1489 ordinis
968 1424 1023 1489 sed
1042 1424 1077 1489 in
1101 1424 1207 1488 medio
1231 1424 1350 1502 ordine,

204 1553 270 1596 non
292 1554 447 1617 umquam
469 1532 575 1597 hiatui
602 1533 693 1596 loeus
722 1553 892 1597 concessus
922 1535 980 1596 est.
1022 1529 1143 1606 Quodsi
1166 1529 1200 1594 in
1224 1529 1350 1594 creticis

204 1639 349 1703 versibus
372 1639 500 1704 hiatum
523 1639 575 1703 vel
600 1638 760 1724 syllabam
784 1639 959 1722 ancipitem
981 1659 1047 1703 non
1069 1637 1257 1721 principalis
1280 1640 1350 1700 tau-

204 1749 274 1809 tum
298 1767 431 1811 caesura
453 1747 555 1812 totius
578 1767 700 1830 versus,
725 1745 780 1810 sed
804 1745 950 1830 singulae
974 1765 1125 1809 caesurae
1144 1743 1277 1827 pedicae
1296 1743 1351 1807 ad-

205 1853 371 1938 miserunt,
394 1854 479 1938 quod
502 1853 626 1918 factum
646 1875 715 1917 esse
738 1850 916 1938 conatast),
938 1851 1000 1916 hoc
1019 1874 1036 1915 e
1056 1851 1215 1936 singulari
1233 1855 1351 1916 natura

205 1960 316 2024 cretici
339 1961 464 2024 numeri
488 1960 696 2044 repetendum
720 1963 779 2042 est,
803 1959 894 2023 cuius
917 1959 1038 2044 singuli
1062 1956 1159 2042 pedes
1183 1961 1350 2040 twquam

206 2067 413 2132 catalecticos
447 2067 574 2132 ordines
607 2066 766 2150 efficiunt,
798 2065 854 2130 sed
889 2064 929 2129 ad
959 2065 1170 2129 iambicorum
1199 2085 1351 2128 versuum

206 2171 486 2238 trochaicorumve
509 2173 638 2239 ordines
661 2174 749 2238 nullo
773 2178 870 2255 pacto
894 2171 1162 2236 transferendum.
1209 2169 1279 2247 Quo
1303 2176 1350 2235 ta·

208 2301 282 2343 men
305 2280 397 2364 gravi
421 2302 530 2345 errore
559 2279 678 2344 irretiri
702 2301 736 2344 se
760 2273 896 2365 Lingius
919 2301 1049 2363 passus,
1077 2278 1152 2342 dum
1176 2277 1351 2343 trochaicis

206 2386 371 2451 ordinibus
390 2387 546 2453 iambicos
565 2409 677 2450 versus
697 2385 872 2470 dimetitur,
892 2407 929 2451 eo
948 2386 1096 2469 pervenit
1116 2390 1236 2450 utnon
1254 2385 1351 2450 modo

206 2493 241 2556 in
264 2514 396 2558 caesura
420 2495 628 2581 senariorum,
652 2493 708 2557 sed
731 2494 766 2556 in
788 2495 851 2557 fine
870 2493 1023 2578 cuiusque
1043 2492 1192 2577 dipodiae
1210 2492 1350 2557 trochai-

208 2622 265 2664 cae
294 2601 362 2664 sive
389 2601 601 2665 iambicorum
631 2600 699 2664 sive
725 2598 962 2664 trochaioorum
989 2621 1139 2664 versuum
1167 2599 1350 2684 legitimum

207 2729 277 2771 esse
300 2708 427 2772 hiatum
452 2707 515 2771 sibi
540 2706 756 2792 persuaderet.
797 2705 868 2782 Qua
890 2706 1036 2770 doctrina
1058 2706 1120 2770 etsi
1144 2706 1275 2771 modum
1298 2728 1350 2770 ve·
1365 2728 1473 2767 cxcivm

207 2815 314 2878 ritatis
338 2835 469 2897 prorsus
494 2813 644 2896 excessit,
673 2816 783 2875 tamen
806 2812 905 2876 etiam
928 2813 1057 2898 longius
1081 2813 1350 2898 progrediendum

204 2943 274 2984 esre
304 2919 464 2985 Beckerus
495 2918 539 3005 (p.
571 2916 647 3004 106)
679 2924 769 2983 ratus
799 2919 934 2983 calidius
965 2919 1167 3002 praecepisse
1198 2917 1350 3002 Lingium

205 3026 299 3090 dixit:
332 3026 511 3090 addendam
541 3027 626 3090 enim
655 3024 904 3108 penthemimeri
932 3029 1017 3089 certe
1040 3025 1350 3108 hephthemimerem

204 3152 289 3214 esse,
321 3136 357 3196 ut
390 3132 425 3197 in
457 3155 521 3217 qua
543 3154 618 3200 ,non
650 3131 722 3215 plus
756 3153 854 3214 quam
881 3131 916 3194 in
943 3131 1000 3194 illa
1027 3131 1214 3195 offensionis
1241 3130 1349 3196 hiatus

205 3238 348 3303 haberet.
394 3237 568 3322 Reliquum
597 3242 667 3302 erat
694 3243 731 3301 ut
759 3259 797 3300 ea
823 3237 969 3302 doctrina
992 3237 1197 3320 perficeretur
1220 3243 1253 3302 et
1280 3261 1349 3304 om-

205 3345 284 3408 nino
312 3344 420 3409 nullus
444 3346 478 3409 in
501 3344 568 3409 ullo
592 3367 686 3409 versu
709 3345 798 3407 loeus
823 3365 893 3408 esse
917 3343 1090 3428 diceretur,
1119 3345 1194 3427 quin
1223 3346 1263 3410 ab
1287 3346 1355 3410 ele--

209 3452 339 3536 gantiae
367 3453 519 3517 nimirum
548 3456 581 3516 et
608 3450 834 3516 concinnitatis
863 3454 896 3513 et
922 3451 1165 3534 perspicuitatis
1196 3453 1349 3517 studiosis

206 3558 312 3640 poetis
336 3557 474 3643 legitimi
498 3559 621 3624 scilicet
648 3558 757 3622 hiatus
781 3563 974 3623 ornamento
998 3559 1172 3644 aliquando
1200 3559 1350 3626 condeco-

293 3752 320 3820 *)
340 3751 516 3820 Quamquam
538 3768 595 3808 non
618 3756 662 3807 est
688 3751 787 3820 quov'is
810 3755 894 3821 pacto
919 3751 1034 3806 lactum.
1070 3753 1143 3806 Nam
1163 3753 1216 3810 etsi
1233 3753 1262 3808 in
1281 3754 1349 3808 Her·

204 3839 356 3895 maeniana
379 3839 560 3911 ffiseuptione
588 3857 685 3896 eornm
708 3856 852 3909 versuum,
877 3839 925 3908 qni
947 3841 1027 3895 nobis
1050 3843 1116 3895 suat
1137 3843 1212 3898 Tria.
1237 3849 1350 3911 dalaq„

204 3932 279 3985 recte
298 3929 345 3984 hic
364 3946 393 3984 se
413 3930 531 3984 credens
549 3931 647 3986 habet:
1024 3935 1028 3940 '

416 4015 459 4090 lbi
476 4037 646 4106 pendentem
665 4035 743 4092 ferit:
762 4037 819 4092 iam
839 4039 957 4106 simplius
976 4040 1046 4104 brat,

204 4145 300 4196 tamea
318 4141 348 4196 iu
365 4143 479 4197 brevem
494 4116 620 4196 vocalem
634 4141 764 4212 desinens
778 4159 832 4197 vox
847 4142 988 4212 dactylica
1002 4160 1058 4197 non
1071 4141 1166 4212 potuit
1179 4160 1230 4214 pro
1245 4145 1348 4201 cretico

204 4230 338 4286 substitui
356 4250 381 4286 v.
401 4237 467 4285 251:

418 4339 481 4392 Nox
499 4337 594 4392 datur:
614 4337 725 4392 ddcitur
742 4339 853 4406 familia
870 4341 945 4393 tora:

204 4445 279 4512 quod
298 4459 386 4514 genus
406 4444 547 4515 elegantia
565 4443 632 4498 artis
650 4447 765 4513 respuit.
793 4445 845 4514 [ef.
865 4447 960 4500 annot.
980 4445 1108 4500 adhunc
1127 4463 1238 4501 versum
1256 4446 1286 4502 in
1304 4447 1348 4502 ed.

205 4533 254 4591 alt.
274 4535 303 4588 et
322 4533 423 4604 Opusc.
442 4533 511 4604 phil.
531 4533 569 4587 IV
588 4551 616 4603 p,
635 4535 709 4603 413]

1082 4624 1137 4679 28*
