3332 5074
320 394 384 460 388
608 409 870 460 rnonnsonnuu
893 410 941 457 nu
965 410 1178 459 nsrroursvs

408 552 626 619 Verecundari
648 553 810 618 neminem
833 555 920 636 uptcd
940 555 1085 618 mensam
1109 553 1209 618 decet.

409 660 494 738 Quin
517 659 571 725 h1‘c
592 662 714 742 quidem
737 661 827 745 cripit
849 661 941 726 illum
964 659 1005 726 ab
1030 682 1065 725 se
1087 661 1312 726 abaliendrier.

409 765 519 834 Mdum
547 777 683 854 gnatum
710 768 764 832 hic
791 769 914 849 quidem
936 765 1151 833 Lesbonicum
1179 767 1308 852 quaerit
1330 771 1364 832 et
1387 767 1464 834 ami-

1067 878 1139 940 cum
1163 895 1280 940 meum.

408 981 451 1046 Di
464 981 676 1064 immortales,
690 980 826 1046 btsilica
839 980 892 1045 hie
906 981 1028 1063 quidem
1042 979 1189 1046 facinora
1204 979 1351 1065 inceptat
1368 981 1467 1066 loqui.

407 1086 498 1153 Meus
522 1091 572 1154 est
598 1087 652 1151 hic
673 1088 796 1169 quidem
820 1083 979 1151 Stasimus
1004 1107 1125 1152 seruos.
1169 1085 1256 1152 Nam
1280 1088 1340 1171 e'go
1362 1087 1465 1152 talen-

1063 1196 1133 1257 tum
1157 1195 1317 1258 mutuom:

318 1299 446 1384 quando
469 1299 586 1366 honum
613 1322 765 1365 versuum
793 1299 899 1384 primo
927 1300 1034 1382 nimpe
1059 1301 1145 1381 apcrd
1170 1303 1281 1383 potest
1308 1321 1367 1384 pro
1391 1321 1466 1366 ana·

318 1410 431 1488 paesto
462 1429 544 1491 esse,
574 1407 677 1472 altero
707 1407 906 1491 bisyllabum
935 1427 1005 1470 esse
1032 1407 1199 1490 neminem,
1228 1406 1260 1471 id
1284 1407 1367 1491 quod
1392 1411 1466 1492 post

319 1509 502 1578 Bentleium
526 1513 561 1578 in
584 1513 667 1578 Eun.
690 1511 753 1596 111,
776 1513 807 1596 2,
830 1513 848 1576 Ι
874 1515 907 1576 et
930 1511 1009 1577 Hec.
1031 1511 1090 1596 111,
1116 1515 1143 1598 1,
1168 1513 1184 1576 1
1210 1513 1466 1600 nemoaignorat,

317 1619 448 1704 reliquis
472 1625 657 1705 correptum
680 1641 750 1684 esse
773 1618 822 1683 hic
849 1622 924 1683 ante
947 1639 996 1699 qu.
1042 1617 1104 1684 Sed
1127 1640 1187 1684 nec
1209 1620 1364 1704 ambigna
1386 1624 1464 1686 sunt

317 1727 484 1810 superiora
513 1727 585 1811 illa,
617 1729 651 1791 et
680 1745 784 1810 pauca
813 1745 830 1788 e
860 1723 1078 1789 consimilium
1106 1746 1164 1808 per
1192 1745 1304 1790 omnes
1333 1724 1462 1791 fabulas

317 1831 535 1898 multitudine.
580 1831 712 1918 Ergone
735 1837 883 1915 correpta
906 1853 976 1896 esse
998 1837 1051 1916 ml,
1081 1852 1142 1915 mp,
1169 1853 1229 1916 mc,
1257 1837 1298 1916 tp,
1327 1837 1379 1917 tric,
1402 1855 1464 1917 mn,

316 1958 367 2002 mr
388 1939 598 2024 putabimus?
634 1938 784 2005 Profecto
807 1937 870 2004 boc
894 1938 921 2004 si
944 1938 1046 2022 licuit,
1069 1938 1151 2002 nihil
1174 1960 1241 2003 non
1264 1939 1383 2024 licebit,
1406 1961 1465 2006 nec

317 2045 421 2111 bellus
450 2046 754 2131 proceleusmaticus
782 2045 873 2110 illum
899 2065 988 2127 picem
1010 2045 1119 2110 tabuit
1142 2044 1366 2111 sollicitandus
1390 2047 1462 2131 erit,

316 2175 376 2218 nec
403 2175 520 2238 operae
546 2153 687 2238 pretium
714 2151 814 2218 fuerit
841 2151 973 2216 omnino
1007 2151 1046 2216 ad
1080 2151 1225 2236 aliquam
1253 2155 1355 2216 artem
1389 2173 1462 2217 con-

316 2258 494 2324 dendorum
523 2281 673 2325 versuum
703 2257 923 2343 indagandam
953 2256 1005 2322 rel
1035 2256 1205 2322 tantillum
1234 2257 1357 2323 laboris
1386 2279 1460 2323 cou-

315 2365 409 2430 ferre.
444 2365 491 2429 At
509 2387 566 2431 our
583 2389 650 2431 non
668 2364 731 2430 sibi
749 2364 875 2430 licitum
894 2367 1021 2430 veteres
1040 2369 1154 2449 poetae
1177 2367 1333 2448 putarunt
1351 2364 1463 2429 cadem

316 2471 520 2556 correptione
544 2470 690 2535 velutin
711 2470 822 2534 eodm
845 2473 921 2534 tacet
943 2469 992 2534 uti
1015 2471 1065 2535 rel
1089 2469 1123 2535 in
1145 2471 1220 2534 ndm
1242 2471 1312 2555 pol,
1340 2471 1463 2536 torrdim

316 2579 435 2654 uirum,
461 2581 521 2642 erit
542 2582 642 2660 parer,
671 2575 760 2641 habit
781 2595 837 2659 nse,
859 2575 963 2640 actim
985 2597 1108 2661 necesse,
1130 2577 1239 2641 acirim
1261 2577 1332 2642 res?
1377 2576 1463 2642 Luce

316 2684 434 2750 clarius
465 2689 515 2750 est
544 2682 726 2749 mehercule
756 2681 789 2746 in
820 2681 900 2766 ipsis
932 2683 1097 2748 vocabulis
1129 2682 1196 2747 illis
1229 2681 1350 2767 aliquid
1383 2705 1463 2769 esse,

316 2789 400 2856 unde
433 2811 548 2856 caussa
579 2786 794 2874 correptionis
826 2788 1001 2872 repetenda
1034 2788 1086 2853 sit
1130 2786 1222 2865 Quod
1255 2793 1365 2854 tamen
1379 2811 1458 2854 ,non

316 2920 412 2984 posse
439 2899 476 2964 iu
502 2898 648 2962 finalium
676 2898 794 2961 natura
821 2895 1071 2960 consonantium
1101 2895 1243 2978 positum
1272 2917 1356 2980 csse,
1389 2919 1463 2962 cum

316 3004 545 3070 dissimilitudo
572 3023 605 3067 m
627 3006 661 3067 et
682 3003 705 3067 d
726 3001 910 3067 litterarum
933 3001 1039 3083 docet,
1070 3005 1141 3066 tum
1164 3002 1301 3068 aliorum
1324 3023 1462 3088 quorun·

316 3111 390 3176 dam
414 3111 635 3196 exemplorum
658 3108 857 3194 comparatio
879 3107 1067 3192 persuadet,
1094 3131 1159 3193 qua
1182 3131 1219 3174 eo
1243 3108 1399 3193 ducimur,
1421 3113 1460 3175 ut

316 3215 471 3282 socianda
499 3237 569 3282 esse
597 3237 724 3301 unoque
753 3235 869 3300 genere
900 3214 1201 3299 comprehendenda
1224 3217 1459 3302 intellegamus,

316 3345 398 3408 quae
424 3345 484 3388 nec
512 3323 626 3408 ignota
653 3321 752 3407 vulgo
780 3324 814 3385 et
841 3342 879 3384 ex
908 3325 1000 3404 parto
1024 3342 1064 3385 ne
1089 3321 1239 3388 dubitata
1262 3322 1392 3408 quidem
1415 3323 1462 3388 di·

315 3428 420 3495 versis
449 3433 559 3494 tamen
587 3427 759 3513 generibus
783 3427 978 3492 tribuerunt.
1023 3427 1076 3491 An
1098 3428 1171 3512 quis
1194 3450 1260 3494 non
1284 3428 1365 3494 alias
1388 3431 1461 3494 tan-

316 3538 385 3600 tum
409 3537 625 3600 consonantes
647 3534 762 3600 finales
781 3533 954 3619 quaslibet,
977 3533 1206 3600 verumetiam
1225 3556 1298 3600 cum
1317 3534 1369 3600 his
1388 3557 1462 3602 con-

316 3641 443 3705 iunctas
467 3640 603 3722 vocales,
625 3661 693 3706 non
715 3639 789 3705 illas
812 3640 927 3706 breves
949 3639 1042 3704 utin
1065 3640 1162 3705 enim
1184 3643 1284 3724 opud
1303 3643 1462 3726 quidem,

316 3747 371 3812 sed
396 3749 512 3812 natura
534 3747 649 3832 longas
673 3747 791 3831 corripi
814 3746 959 3832 potuisse
983 3746 1046 3811 sibi
1069 3747 1300 3831 persuadebit?
1333 3747 1461 3832 Corripi

316 3853 407 3918 velut
427 3854 527 3934 fores
550 3854 694 3938 potuisse
718 3876 747 3918 v.
771 3853 849 3918 868:

210 3987 301 4030 cxnn
404 3959 504 4027 Fores
536 3961 679 4045 pultabo.
734 3958 785 4024 Ad
817 3961 947 4024 nestrae
986 3959 1073 4025 aedis
1111 3958 1164 4025 hic
1196 3960 1326 4045 quidem
1361 3961 1462 4027 babet

460 4137 467 4146 ¹
953 4067 1075 4129 rectam
1099 4065 1186 4130 uiam
1210 4067 1276 4130 -?

315 4171 377 4238 Vel
400 4173 619 4238 accusativum
642 4191 755 4237 manate
781 4171 982 4256 pluralemre
1005 4171 1240 4238 nominativum
1264 4171 1379 4239 Bacch.
1403 4173 1461 4257 111,

315 4278 345 4362 3,
370 4278 629 4364 76.n1i1.11‚3,
653 4279 710 4344 54:

403 4382 520 4450 Mauris
539 4385 625 4451 ferat
638 4385 678 4450 ad
697 4381 853 4469 papillas,
871 4406 1030 4469 nusquam
1050 4387 1070 4449 a
1088 4385 1190 4452 labris
1202 4377 1303 4452 ¹labra
1321 4387 1461 4452 adferat:

282 4499 286 4506 '
315 4487 398 4576 (sive
422 4494 632 4575 transponere
655 4491 701 4555 sic
725 4494 882 4573 praestat:
