3338 5072
307 379 372 442 312
599 395 856 442 rmonnoounnl
882 396 927 442 nn
951 395 1160 444 simoninus

305 537 453 623 dagarit:
472 539 681 622 quantumvis
702 539 826 623 gravia,
845 542 882 602 ut
903 538 1082 624 significavi
1097 561 1127 624 p.
1142 539 1454 624 518[=1071sqq.,

307 645 380 710 aliis
396 641 521 731 agenda
536 645 615 710 alibi
634 645 811 730 reliquerit.
844 643 885 710 Eli
902 649 1059 731 quantum
1074 646 1237 729 debeatur,
1257 667 1322 710 non
1336 645 1455 730 poterit

308 775 346 816 ex
369 751 471 836 ipsius
494 750 636 817 nominis
660 751 692 816 in
713 753 926 818 annotatione
945 757 1058 818 nostra
1077 752 1240 818 mentione
1259 753 1340 817 satis
1360 752 1454 817 aesti-

233 882 293 922 nur
308 859 404 923 mari:
437 857 536 923 immo
569 857 800 924 recordandum
830 862 881 923 est
908 858 1041 944 ubique,
1074 881 1153 944 quas
1182 879 1242 945 ego
1271 882 1288 924 e
1316 859 1383 925 BC
1407 881 1453 924 re·

307 971 417 1051 ceptae
441 987 512 1030 esse
536 965 713 1049 scripturas
738 965 918 1050 significem
937 987 957 1030 a
974 965 1118 1050 priorum
1138 965 1315 1032 editionum
1335 987 1453 1031 memo·

308 1073 356 1138 ria
379 1070 425 1158 (h.
449 1095 474 1137 e.
499 1071 554 1136 ubi
582 1091 648 1135 non
676 1074 780 1137 testor
807 1070 908 1154 aliud,
936 1094 956 1135 a
979 1067 1022 1157 Z)
1051 1071 1284 1156 discrepantes,
1312 1071 1454 1138 indidem

308 1180 497 1264 plerumque
526 1179 591 1243 iam
615 1176 836 1243 Camerarium
860 1178 1056 1263 reposuisse:
1080 1179 1111 1242 id
1136 1178 1221 1263 quod
1245 1201 1362 1263 operae
1386 1202 1454 1264 pre

307 1287 390 1351 tium
418 1308 483 1350 non
508 1284 582 1350 duxi
607 1285 744 1371 singulis
772 1285 852 1350 locis
876 1284 1047 1350 inculcare.
1091 1284 1166 1350 Non
1190 1284 1327 1350 multum
1351 1307 1455 1352 emen·

308 1393 398 1458 datio
426 1391 555 1478 quidem
578 1391 685 1457 Plauti
713 1396 790 1476 post
814 1391 1034 1456 Camerarium
1059 1392 1198 1477 profecit
1221 1393 1271 1458 vel
1294 1391 1454 1477 probabili

309 1499 480 1564 enarrandi
509 1497 670 1563 industria
697 1496 852 1563 Friderici
883 1496 1109 1582 Tsvnrrsuru,
1138 1500 1188 1563 vel
1216 1499 1358 1584 impigro
1381 1497 1455 1563 Phi·
1544 1571 1551 1588 .

309 1607 389 1691 lippi
410 1605 518 1670 Pannr
537 1604 659 1688 labore,
683 1607 824 1670 ceterum
843 1604 983 1670 iudicare
1002 1605 1184 1690 nescientis,
1207 1607 1242 1670 in
1260 1608 1457 1676 excutiendis

309 1713 401 1780 libris
420 1711 579 1777 Palatinis
603 1717 806 1796 consumpto,
829 1709 879 1776 vel
898 1711 1113 1776 immoderata
1131 1711 1257 1777 rixandi
1277 1715 1455 1782 convician-

310 1821 405 1904 diquc
429 1818 605 1902 cupiditate
629 1817 699 1882 lani
724 1816 894 1897 Gnvrnnr,
916 1840 981 1903 qna
998 1841 1039 1883 ne
1057 1816 1140 1882 illud
1159 1820 1288 1904 quidem
1308 1821 1455 1887 effectum

310 1931 360 1992 est
382 1929 427 2009 ut,
450 1925 527 2011 quid
546 1924 678 1990 tandem
699 1925 733 1989 in
755 1923 915 1989 Palatinis
936 1923 1106 2010 legeretur,
1125 1925 1175 1991 vel
1194 1931 1279 1991 recte
1297 1926 1347 1991 vel
1363 1927 1456 2012 plene

310 2036 567 2120 cognosceretur.
614 2030 713 2098 Cuius
737 2031 960 2096 altercationis
983 2030 1155 2097 historiam
1180 2034 1235 2117 qui
1259 2034 1381 2099 talibus
1405 2035 1455 2098 de·

310 2142 469 2206 lectantur
495 2162 532 2204 ex
561 2139 607 2202 eis
638 2143 747 2222 petere
771 2142 926 2224 poterunt
953 2160 1036 2223 quae
1061 2137 1099 2204 dc
1124 2139 1198 2204 crisi
1223 2138 1270 2204 Pl.
1295 2142 1456 2224 111552

309 2250 367 2328 [=
381 2247 456 2328 143]
477 2246 517 2311 ad
538 2246 600 2311 561
623 2245 766 2327 [=152]
785 2245 1000 2311 narravimus.
1037 2245 1169 2311 Praeter
1186 2246 1325 2312 editores
1349 2251 1455 2312 autem
1476 2255 1478 2260 '

309 2355 364 2438 qui
387 2353 447 2418 illa
468 2356 575 2417 aetate
600 2371 719 2436 magno
739 2372 837 2438 grege
860 2351 965 2418 critici
984 2352 1023 2417 ad
1042 2352 1287 2437 perpoliendum
1305 2352 1455 2420 Plautum

309 2461 448 2545 undique
467 2458 689 2538 convolarunt,
708 2479 819 2523 eorum
834 2458 957 2524 nullam
976 2458 1105 2525 laudem
1123 2458 1260 2524 Ioannes
1276 2457 1456 2527 annsrvs

310 2567 443 2631 meruit:
461 2565 511 2629 vel
531 2564 680 2650 exiguam
699 2565 751 2629 vel
771 2566 965 2631 mediocrem
987 2565 1150 2631 Adrianus
1169 2565 1367 2651 Tvnrrnnvs,
1385 2567 1455 2632 lani

311 2671 453 2739 Dovsrn
482 2676 575 2757 pater
603 2677 635 2737 et
661 2673 765 2758 tilius,
798 2671 922 2758 caspar
950 2671 1141 2757 Soronarvs,
1173 2672 1283 2739 Iustus
1311 2673 1457 2760 ersrvs,

311 2779 463 2844 Mellerus
478 2779 698 2845 Psnnnnrvs:
722 2781 877 2845 maiorem
900 2780 1008 2846 Inuus
1028 2777 1260 2848 vannurvs:
1284 2781 1456 2845 maximam

310 2891 408 2972 atque
423 2887 502 2953 adeo
518 2887 669 2953 eximiam
680 2887 825 2954 Vannns
837 2887 1042 2970 barbamve,
1056 2909 1251 2973 quamquam
1266 2908 1325 2952 nec
1339 2891 1457 2953 metro·

310 3015 381 3058 rum
402 2993 538 3068 scientia
555 2994 676 3078 valens,
701 3015 764 3079 qua
787 2997 857 3058 tum
881 3015 975 3058 nemo
1000 2994 1079 3059 satis
1102 2994 1278 3060 instructus
1298 2999 1376 3077 erat,
1399 3015 1458 3059 nec

310 3098 514 3165 Camerariae
537 3100 687 3165 editionis
712 3100 939 3166 auctoritatem
963 3105 1164 3186 perspectam
1185 3101 1317 3185 habens,
1336 3121 1455 3187 magno

311 3207 342 3272 id
358 3207 554 3275 detrimento
569 3230 636 3273 suo.
665 3208 739 3274 Diri
756 3209 794 3274 de
808 3229 855 3294 eo,
874 3207 928 3274 sed
942 3208 1080 3272 fortasse
1094 3230 1159 3274 non
1177 3206 1457 3291 satishonorilicc,

311 3313 330 3379 l.
351 3337 374 3380 s.
394 3335 418 3379 s.
439 3338 469 3399 p.
488 3315 554 3380 505
569 3317 703 3400 [-=93],
727 3315 765 3380 de
790 3314 940 3400 Scioppio
963 3315 1078 3400 [1544
1098 3316 1252 3399 [=134],
1275 3315 1313 3380 de
1338 3314 1457 3380 Densis

264 3425 267 3432 '
311 3443 342 3504 p.
357 3419 423 3486 534
443 3422 598 3505 [=124],
617 3420 655 3486 de
674 3420 816 3486 Menrsio
839 3444 870 3505 p.
884 3421 950 3488 498
969 3423 1025 3502 [=
1036 3422 1093 3503 86]
1103 3444 1150 3507 sq.
1186 3419 1318 3486 Praeter
1340 3421 1457 3486 borum

312 3548 405 3590 curas
429 3526 553 3612 pridem
578 3526 680 3593 editas
699 3527 839 3593 ineditae
860 3527 939 3594 mihi
960 3533 1090 3613 praesto
1108 3528 1241 3594 fuerrmt
1259 3525 1457 3606 Scsnrannr,

311 3631 488 3718 8111111811,
507 3633 637 3701 Dousae
656 3639 690 3700 et
708 3634 849 3700 fortasse
864 3633 1001 3700 aliorum
1016 3633 1218 3700 coniecturae
1233 3635 1267 3698 in
1286 3634 1453 3718 impresso·

313 3761 383 3803 rum
395 3739 596 3824 quorundam
608 3741 837 3825 exemplorum,
851 3763 933 3826 quae
942 3739 1108 3807 Leidensis
1119 3739 1327 3824 bybliotheca
1341 3743 1457 3822 servat,

243 3866 297 3908 nrv
313 3846 514 3931 marginibus
539 3847 779 3932 scriptorum.*)
826 3847 969 3924 Quorum
993 3847 1060 3913 alia
1082 3847 1186 3914 sciens
1208 3869 1293 3912 nunc
1316 3851 1456 3931 praeter-

312 3953 416 4038 mitto,
440 3953 518 4019 olim
542 3955 605 4020 huc
624 3954 800 4020 rediturus:
824 3956 965 4041 quinque
984 3954 1036 4019 hic
1056 3954 1337 4020 commemoranda
1355 3953 1457 4018 video.

250 4069 253 4076 ⁴
313 4060 358 4125 Et
376 4061 446 4126 lani
470 4060 599 4147 quidem
622 4060 752 4127 Dousae
773 4062 869 4147 longo
889 4061 1047 4145 plurimas
1069 4061 1307 4146 annotationes,
1328 4060 1457 4125 sedeas

313 4168 453 4233 maxima
463 4191 500 4234 ex
511 4173 602 4253 parte
614 4168 653 4234 ad
664 4167 966 4252 interpretationem
977 4171 1168 4253 spectantes,
1177 4171 1268 4233 tenet
1276 4167 1457 4252 exemplum

401 4415 430 4484 *J
450 4414 562 4471 Similia
580 4413 708 4486 exempla
725 4413 921 4484 bybliothecae
943 4415 1155 4484 Ambrosianao,
1178 4414 1226 4470 sed
1244 4431 1317 4483 quae
1343 4415 1452 4469 tantum

313 4503 492 4574 inspexerim,
512 4504 664 4576 memorari
683 4503 824 4572 Parergon
842 4519 869 4571 p.
885 4507 945 4558 400.
