3266 5070
292 372 334 436 62
611 391 695 438 veru
719 391 870 438 wasnau
893 390 957 439 ens
981 389 1121 439 uocans

291 527 348 582 iam
366 528 397 583 ni
414 530 498 585 fallor
516 548 604 585 annus
624 531 770 598 sccundus,
789 547 853 585 cum
871 529 901 584 iu
920 530 1102 586 contubernio
1121 546 1184 584 meo
1203 546 1313 585 mecum
1332 531 1436 602 degens

291 633 336 671 mc
355 617 436 671 audis
455 617 613 688 diligenter,
632 620 764 674 observas
782 617 912 689 fideliter,
929 619 1065 674 revereris
1079 621 1215 687 amanter,
1233 619 1303 674 rnihi
1318 619 1371 675 soli
1387 619 1437 675 des

291 721 405 775 operam
423 723 479 761 nou
499 707 643 762 assiduam
661 707 745 762 modo
765 707 814 762 sed
837 709 867 762 ct
885 708 1015 763 alacrem.
1053 707 1145 775 Quare
1164 709 1215 763 tua
1233 709 1287 764 hac
1304 708 1437 780 pervigili

291 810 358 848 curn
377 795 526 864 studioque
541 813 596 851 non
614 795 766 866 penitendo
784 794 814 848 in
832 798 891 851 tam
906 796 1050 852 imbecilla
1063 797 1209 866 presertim
1224 797 1316 852 adbuc
1329 799 1438 854 etutula

291 886 385 938 tantos
408 884 466 939 ism
489 901 651 954 progressus
675 886 793 953 utraque
817 883 915 954 lingua
937 883 1044 952 iecisti,¹
1073 885 1104 937 ut
1126 884 1187 954 ipse
1206 902 1330 958 quoque,
1359 887 1437 942 cuius

291 973 377 1027 ductu
396 975 425 1028 et
443 973 574 1043 auspiciis
592 975 663 1029 hacc
682 973 861 1029 foelicissime
876 974 947 1044 agis,
966 989 1164 1042 nonnunquam
1180 975 1379 1046 obstupescere
1395 993 1437 1031 so·

290 1061 364 1116 leam
382 1064 411 1116 et
430 1063 471 1118 ita
489 1077 597 1118 mecum
617 1063 721 1118 tacitus
740 1062 831 1132 loqui:

489 1170 511 1224 Ο
531 1169 616 1224 decus
634 1169 741 1240 ingenii
759 1169 983 1240 celebrandaque
1001 1171 1116 1226 nomina
1134 1172 1232 1242 patris,

503 1241 509 1254 ²
542 1257 595 1324 Qui
613 1259 738 1314 sobolem
758 1261 868 1313 tautam
886 1260 1068 1329 progenuisse
1086 1263 1189 1331 potest,

204 1340 277 1399 rorav
487 1347 590 1402 Fausta
609 1346 668 1402 dies
687 1346 804 1402 nimium
824 1346 914 1403 nitido
933 1349 1106 1404 numeranda
1125 1349 1232 1420 lapillo,

540 1434 624 1502 Quae.
637 1436 679 1491 iili
699 1437 825 1492 nascenti
843 1437 952 1491 lumina
970 1437 1061 1507 prima
1080 1437 1164 1495 dedit.

289 1561 418 1631 Corporis
437 1563 467 1615 et
483 1561 615 1616 somenae
634 1561 717 1630 bona,
734 1561 835 1630 quibus
853 1563 882 1615 te
902 1563 1003 1616 natura
1016 1561 1202 1631 pulcherrime
1220 1579 1254 1617 ac
1272 1562 1432 1618 emiuentis-

296 1650 365 1704 sime
384 1649 506 1718 ornavit,
530 1649 645 1704 tametsi
663 1649 698 1704 ab
717 1649 751 1703 iis
771 1650 917 1720 contingat
935 1649 1057 1719 aliquem
1075 1649 1215 1705 interdum
1233 1651 1433 1721 gloriosissime

288 1739 410 1807 laudari,
437 1739 504 1808 quia
526 1741 620 1793 tamen
643 1755 725 1794 nemo
748 1737 849 1793 iustius
876 1739 1023 1808 veriusque
1042 1739 1171 1794 laudibus
1191 1740 1335 1796 extollitur
1352 1759 1437 1810 quam

288 1845 351 1882 curu
371 1845 387 1882 a
405 1827 485 1884 bouis
504 1827 592 1882 animi
610 1827 678 1896 (boc
697 1829 741 1882 est
758 1827 794 1881 ab
822 1826 1080 1882 honestissimarum
1098 1844 1190 1883 rerum
1209 1829 1316 1899 stadio,
1332 1829 1438 1901 ingenii

288 1914 441 1984 facilitate,
465 1933 572 1971 morum
591 1916 729 1972 suavitate
747 1916 914 1986 virtutisque
932 1921 962 1972 et
979 1916 1128 1987 probitatis
1146 1919 1373 1987 expectatissima
1390 1920 1432 1974 iu·

288 2007 363 2076 dole)
382 2007 500 2061 alicuius
519 2005 726 2061 commendatio
745 2008 842 2060 manat
860 2008 890 2061 et
906 2005 1100 2075 proficiscitur,
1118 2006 1248 2062 hocloco
1270 2025 1438 2064 commemo-

287 2110 349 2148 rare
367 2112 424 2149 non
441 2095 519 2151 libet.
553 2094 626 2162 Quid
644 2095 735 2149 dicum
755 2096 790 2149 de
809 2096 961 2150 memoriae
979 2096 1062 2150 buius
1080 2098 1146 2151 tuae
1165 2113 1252 2166 prope
1272 2097 1437 2153 incredibili

289 2184 434 2240 bonitate?
471 2183 541 2240 Tam
560 2184 634 2239 euim
653 2184 736 2240 facile
756 2184 849 2252 discis,
867 2187 927 2240 tam
946 2185 1082 2240 tenaciter
1099 2185 1243 2254 contines,
1262 2188 1295 2240 ut
1313 2187 1437 2242 omnium

288 2276 398 2327 tuorum
417 2273 684 2343 condiscipulorum,
703 2290 772 2343 quos
791 2275 889 2328 nactus
908 2291 938 2328 es
956 2276 987 2329 et
1003 2273 1194 2329 nobilissimos
1213 2276 1242 2329 et
1261 2275 1435 2330 studiosissi-

289 2377 358 2430 mos,
376 2361 502 2416 unanimi
520 2378 656 2417 consensu
673 2378 729 2416 non
747 2362 854 2416 discere
874 2360 922 2415 sed
940 2361 1081 2418 reminisci
1096 2363 1190 2432 potius
1205 2362 1334 2419 videaris.
1362 2362 1436 2430 Quo·

290 2450 365 2504 circa
383 2449 503 2504 multum
522 2451 588 2506 huic
606 2451 795 2521 prosperrimo
814 2449 1049 2521 foeliciesimoque
1069 2451 1225 2507 studiorum
1242 2455 1357 2508 tuorum
1376 2471 1436 2509 suc·

289 2539 379 2593 sessui
398 2539 526 2609 g1·atulor
544 2542 573 2594 et
591 2539 662 2595 mibi
680 2555 769 2610 aeque
788 2539 905 2610 gaudeo.
943 2539 985 2593 Ne
1003 2539 1116 2609 dubita,
1140 2540 1178 2594 rui
1197 2540 1354 2596 bellissime
1372 2543 1437 2598 Ale·

288 2627 406 2695 rander,
428 2645 484 2683 uon
506 2644 625 2698 parvum
648 2629 696 2684 sed
720 2628 825 2684 laboris
844 2645 877 2684 ac
896 2627 1052 2683 honestetis
1071 2629 1108 2684 ad
1127 2629 1156 2684 te
1184 2629 1435 2687 cumulatissimum

289 2715 440 2785 aliquando
459 2719 658 2786 perventurum
676 2717 826 2786 bonorem,
849 2716 924 2786 quod
943 2735 961 2772 a
978 2720 1091 2772 tuorum
1111 2718 1270 2788 complexu,
1290 2736 1307 2774 a
1325 2720 1433 2790 patriae

289 2804 404 2870 deliciis,
423 2821 440 2858 s
458 2804 597 2860 sodalium
616 2805 721 2862 lusibus
736 2807 765 2859 et
778 2805 914 2860 conviviis
929 2806 1083 2875 ablegatus,
1102 2823 1157 2861 uon
1176 2807 1288 2875 quidem
1302 2809 1436 2864 mercium
1523 2809 1538 2836 ⁹

209 2955 211 2960 y
289 2893 547 2950 commutandarum
571 2899 620 2949 aut
642 2893 764 2950 foenoris
788 2893 997 2964 multiplicandi
1019 2895 1116 2964 gracia
1144 2895 1229 2964 (quod
1252 2897 1308 2952 iam
1331 2897 1436 2967 passim

289 2983 349 3038 fieri
367 2983 458 3052 solet),
483 2983 533 3038 sad
551 2985 583 3037 ut
601 2982 763 3052 politiorum
782 2983 938 3038 studiorum
957 2983 1158 3039 laudatissimis
1182 2988 1215 3040 et
1232 2985 1436 3054 probatissimis

168 3085 178 3104 ·
291 3070 426 3125 institutis
445 3075 560 3126 ornatus
579 3073 608 3126 et
625 3073 723 3125 auctus
742 3071 876 3126 viaticum
895 3071 949 3126 tibi
967 3071 1004 3126 ad
1022 3075 1195 3128 senectutem
1214 3091 1360 3144 compares
1378 3092 1433 3129 non

289 3159 375 3228 ferro,
402 3176 457 3215 uon
485 3159 617 3230 flammis,
644 3176 701 3214 uon
719 3159 838 3230 denique
865 3161 1081 3230 tempestatibus
1106 3161 1171 3216 ullis
1196 3162 1359 3231 obnoxium,
1386 3162 1434 3219 sed

289 3248 474 3318 liberrimum,
499 3249 671 3303 tutissimum
694 3251 779 3317 atque
798 3251 967 3318 perpetuum
990 3251 1020 3304 et
1041 3250 1070 3305 in
1094 3251 1169 3319 quod
1192 3250 1305 3306 fortuna
1322 3267 1432 3320 quoque

288 3337 363 3408 ipsa,
391 3338 514 3393 omnium
538 3337 656 3393 aliarum
679 3353 771 3392 rerum
797 3337 911 3393 domina
928 3355 962 3394 ac
980 3337 1177 3408 dispensatrix,
1195 3340 1302 3394 nullum
1322 3339 1434 3394 omniuo

289 3425 393 3482 babeat
410 3427 567 3497 imperium.
595 3426 658 3482 Non
677 3426 752 3482 euim
771 3425 856 3482 facile
875 3427 937 3496 quis
957 3427 1051 3498 eloqui
1070 3430 1172 3498 potest,
1191 3445 1276 3497 quam
1295 3430 1366 3484 baec
1384 3429 1434 3484 bu·

290 3531 434 3569 manarum
448 3514 605 3570 litterarum
629 3517 659 3570 et
682 3515 858 3584 eloquentiae
882 3516 1062 3576 ornatissima
1085 3517 1307 3587 suavissimaque
1331 3516 1434 3586 studia,

290 3602 313 3657 si
336 3603 508 3674 pleniuscule
531 3605 607 3659 etate
630 3603 699 3672 ista,
727 3621 811 3674 quam
835 3608 866 3660 tu
889 3605 972 3659 modo
991 3603 1075 3672 vivis,
1105 3608 1238 3676 percepta
1256 3608 1286 3662 et
1303 3605 1435 3661 imbibita

289 3691 407 3760 tuerint,
431 3695 568 3761 quantum
591 3691 736 3748 conferant
759 3692 796 3747 ad
819 3710 931 3748 omnem
954 3692 1132 3763 disciplinam
1156 3697 1186 3750 et
1207 3693 1339 3765 precipue
1365 3695 1433 3750 iuris

289 3779 434 3836 scientiam
454 3780 679 3852 percipiendam,
698 3784 836 3851 quantum
854 3784 1015 3852 perceptam
1033 3783 1163 3838 excolant
1180 3783 1325 3854 magisque
1344 3800 1432 3854 popu·

289 3870 376 3924 larem
400 3869 527 3926 reddant.
565 3868 741 3940 Quamquam
760 3871 831 3940 ism,
850 3870 874 3925 si
893 3870 946 3926 diis
965 3871 1072 3942 placet,
1091 3871 1120 3926 in
1144 3872 1272 3927 omnibus
1291 3872 1349 3927 fere
1370 3872 1434 3927 aliis

287 3975 338 4030 per
355 3959 467 4015 diversa
485 3959 651 4015 Germaniae
674 3959 738 4014 loca
760 3959 881 4031 publicis
905 3960 1059 4030 gymnasiis
1078 3960 1193 4030 quidam
1211 3959 1388 4016 iactanticuli
1405 3963 1435 4016 et

288 4047 383 4103 stolidi
402 4065 496 4103 osores
514 4047 611 4103 nescio
630 4065 686 4118 qua
700 4065 788 4104 vanae
804 4048 937 4104 scientiae
952 4048 1131 4120 persuasione
1145 4049 1242 4106 confisi
1256 4047 1433 4104 maiestatem

288 4136 369 4191 latini
392 4137 498 4206 eloquii
521 4154 554 4192 ac
578 4153 671 4192 sacros
690 4135 830 4193 Musarum
854 4137 946 4193 tontes
969 4137 1090 4208 turpiter
1109 4140 1214 4194 audent
1231 4136 1434 4207 reprehendere

288 4226 318 4280 et
335 4242 428 4280 morsu
448 4225 547 4282 canino
566 4227 703 4294 lacerare3
727 4227 774 4282 bei
793 4245 877 4295 quam
895 4229 1001 4282 temere
1026 4229 1072 4297 (ne
1095 4227 1187 4284 dicam
1206 4226 1303 4296 stulte)
1321 4227 1371 4280 bos
1390 4242 1432 4280 so·

288 4314 346 4368 lum
370 4332 468 4385 sapere
491 4314 697 4384 existimantes,
724 4314 773 4384 qui
796 4315 965 4384 portentosis
986 4314 1153 4385 quibusdam
1177 4320 1206 4371 et
1224 4332 1239 4370 e
1258 4315 1352 4369 media
1369 4314 1433 4368 bar·

288 4403 366 4458 baria
386 4403 569 4458 emendicatis
589 4402 731 4458 vocabulis
750 4403 868 4458 itatem
886 4402 977 4474 ipsam
996 4404 1031 4459 de
1044 4420 1101 4473 qna
1114 4404 1268 4474 loquuntur
1281 4402 1433 4458 involucris

288 4494 318 4547 et
336 4492 485 4564 enigmatis
504 4491 695 4561 distorquent,
718 4491 824 4547 utiam
844 4494 893 4548 aut
912 4491 1037 4563 Sphinge
1057 4493 1106 4547 aut
1124 4493 1268 4564 Oedipode
1286 4492 1331 4548 vel
1350 4491 1432 4548 Delio
