3306 5070
319 430 385 494 680
701 445 934 494 narnrnrscnn
958 447 1083 496 nanas.
1147 501 1154 516 ,

319 589 501 674 principem
531 594 676 673 ereptum
707 589 863 674 luximus,
895 591 985 656 cuius
1014 591 1086 674 piae
1115 591 1290 655 memoriae
1316 589 1468 656 hodierni

320 696 384 761 diei
413 694 616 760 sollemnitas
644 701 833 761 consecrata
860 702 923 763 est:
952 720 1060 763 rerum
1089 701 1277 764 nostrarum
1301 701 1469 780 statorem,

320 803 598 885 conservatorem,
644 805 816 885 patronum
862 805 1131 890 augustissimum
1177 804 1469 871 clementissimum

321 909 542 974 Farnaarcvrr
575 905 790 974 Gvrnnnnvn
822 908 881 974 111.
940 909 1108 996 Fugerunt
1144 914 1310 996 tempora,
1347 911 1469 974 mansit

321 1017 493 1098 manetque
532 1035 597 1079 non
634 1012 744 1079 fucata
780 1015 898 1100 pietas,
940 1021 1036 1102 atque
1073 1017 1152 1084 adeo
1192 1017 1329 1103 singulis
1371 1017 1465 1082 annis

321 1123 472 1205 augetur3
498 1156 535 1166 -
561 1119 594 1183 in
623 1124 750 1185 mutata
778 1142 885 1188 rerum
910 1123 1054 1189 omnium
1084 1123 1189 1208 specie
1217 1127 1251 1188 et
1278 1123 1468 1190 condicione
1532 1201 1540 1212 ·

322 1230 476 1293 constans
506 1225 539 1290 in
557 1227 732 1292 -mentibus
760 1229 884 1294 nostris
912 1229 1025 1296 haeret
1051 1230 1128 1296 Divi
1161 1229 1261 1315 Regis
1292 1231 1402 1316 imago
1434 1233 1470 1294 et

322 1336 356 1400 in
383 1335 451 1399 dies
479 1332 598 1398 clarius
626 1333 784 1401 enitescit
831 1335 920 1412 Quas
949 1358 1000 1402 res
1028 1340 1096 1401 tam
1125 1356 1241 1421 graves
1264 1336 1365 1402 habet
1386 1339 1467 1400 tam·

323 1464 385 1527 que
418 1439 524 1505 uarias
563 1460 710 1525 caussas,
751 1441 841 1507 illinc
874 1447 911 1507 ut
943 1443 1136 1509 inexhausta
1168 1443 1295 1508 dicendi
1331 1441 1469 1507 materia

323 1546 453 1634 publico
488 1545 611 1609 oratori
639 1551 800 1632 suppetat
847 1548 938 1615 Talis
966 1549 1069 1634 igitur
1096 1551 1235 1615 materia
1263 1547 1470 1634 quemadmo-

324 1655 400 1719 dum
437 1673 495 1736 per
533 1650 715 1736 quindecim
752 1676 911 1721 annorum
948 1655 1210 1739 continuitatem,
1251 1655 1369 1740 quibus
1406 1653 1469 1718 hoc

325 1784 385 1847 ego
414 1778 546 1825 munere
575 1757 714 1849 impiger
742 1759 819 1825 olim
849 1765 882 1826 et
904 1761 1034 1846 integer
1055 1763 1233 1847 fungebar,
1261 1759 1470 1848 quantamvis

325 1869 441 1934 virium
461 1863 716 1930 mediocritatem
735 1887 842 1932 meam
860 1889 1036 1952 numquam
1055 1868 1182 1954 deiecit,
1205 1869 1260 1934 sed
1280 1869 1363 1933 hanc
1383 1887 1470 1930 com·

325 1973 475 2062 pensavit
497 1973 608 2057 potins
632 1972 777 2056 ingenita
802 1974 950 2040 ubertate
974 1997 1042 2058 sua,
1066 1975 1113 2040 ita
1137 1998 1202 2040 non
1224 1978 1275 2040 est
1293 1971 1471 2039 verendum

325 2105 366 2148 ne
399 2082 527 2146 futuros
560 2083 706 2143 oratores
739 2101 892 2164 umquam
926 2080 1065 2146 deficiat.
1120 2080 1242 2146 Verum
1274 2082 1406 2165 plenam
1439 2083 1473 2144 et

328 2189 429 2274 Regia
453 2187 570 2270 virtute
596 2184 727 2270 dignam
756 2186 976 2252 laudationem
1001 2209 1065 2272 quo
1088 2188 1194 2253 minus
1217 2187 1350 2272 capiunt
1372 2185 1472 2250 horae

327 2294 506 2380 angustiae,
530 2313 567 2355 co
592 2291 665 2375 plus
690 2293 906 2358 excusationis
929 2298 1081 2379 paratum
1105 2317 1175 2359 ease
1199 2295 1228 2358 ei
1247 2291 1472 2360 consuetudini

328 2423 437 2486 spero,
465 2421 529 2483 qna
557 2397 696 2482 singulis
725 2399 818 2464 annis
842 2398 989 2483 singulas
1012 2403 1123 2485 partes
1147 2405 1215 2464 tam
1239 2399 1304 2463 late
1328 2399 1472 2481 patentis

328 2504 548 2593 praestantiae
570 2505 712 2570 delibare
737 2504 826 2570 soliti
849 2527 976 2590 sumus,
1003 2509 1171 2591 tamquam
1195 2505 1351 2590 quosdam
1375 2505 1472 2570 flores

329 2614 412 2680 unde
434 2613 561 2698 largam
585 2612 756 2696 vivamque
779 2632 932 2677 coronam
956 2616 1087 2678 vestra
1111 2633 1208 2696 opera
1227 2611 1405 2678 coalescere
1424 2612 1473 2676 iu-

329 2719 458 2786 beretis.
504 2717 573 2783 Nec
595 2717 672 2803 fare,
696 2718 771 2802 quid
794 2719 1002 2803 potissimum
1026 2717 1279 2804 decerperemus,
1301 2717 1473 2784 dubitandi

330 2825 513 2891 molestiam
538 2847 691 2909 nmquam
716 2825 890 2890 sensimus:
914 2825 1034 2890 etenim
1058 2828 1172 2910 aptum
1194 2823 1403 2910 praedicandi
1426 2823 1472 2889 lc-

329 2956 403 2998 cum
422 2931 756 3014 circumspicientibus
774 2931 846 3016 ipsa
864 2931 1053 3015 plerumque
1072 2935 1220 3016 tempora
1240 2936 1475 3014 succurrerunt,

330 3061 466 3125 quorum
486 3037 660 3121 singularis
680 3037 763 3102 ratio
789 3042 822 3102 et
844 3036 990 3104 condicio
1014 3042 1102 3103 recte
1125 3041 1273 3104 moneret
1292 3037 1474 3104 commode·

331 3168 392 3231 que
422 3142 659 3230 suppeditaret,
686 3143 777 3208 cuius
795 3142 1004 3228 potissimum
1024 3145 1057 3209 et
1075 3143 1185 3228 regiae
1203 3143 1307 3209 laudis
1327 3147 1360 3208 et
1374 3143 1474 3209 animi

333 3253 467 3318 affectus
498 3249 597 3315 vestri
626 3251 786 3334 interpres
815 3249 952 3314 existere
975 3249 1134 3316 deberem.
1179 3247 1295 3334 Itaque
1318 3248 1379 3315 luit
1402 3271 1475 3314 cum

331 3358 474 3424 diuturni
503 3356 632 3441 imperii
659 3355 825 3438 praeclare
854 3355 938 3442 gesti
966 3355 1104 3440 gloriam
1133 3357 1166 3419 et
1188 3354 1379 3419 felicitatem
1402 3377 1476 3438 per·

332 3487 547 3550 sequeremur,
569 3463 688 3529 bellica
710 3462 843 3528 fortuna
864 3484 931 3528 non
954 3462 1063 3527 minus
1086 3483 1181 3546 quarn
1206 3459 1306 3526 animi
1325 3465 1476 3526 constan·

332 3572 380 3636 tia
403 3571 597 3655 quaesitam,
620 3571 654 3635 in
677 3570 811 3654 ipsaque
835 3568 999 3634 communi
1024 3567 1175 3652 Europae
1199 3567 1290 3633 clade
1313 3567 1475 3652 imprimis

333 3676 548 3760 conspicuam.
594 3675 669 3740 Fuit
692 3696 765 3740 cum
793 3676 827 3739 in
851 3674 937 3738 vitae
960 3673 1158 3738 domesticae
1181 3673 1368 3738 innocentia
1390 3695 1476 3739 com·

333 3803 543 3866 moraremur,
565 3782 599 3846 in
624 3803 751 3847 morum
775 3780 974 3865 integritate,
997 3778 1162 3864 religionis
1186 3778 1406 3864 simplicitate,
1429 3779 1476 3845 in·

334 3891 522 3956 stitutorum
555 3888 779 3954 sanctimonia.
825 3885 900 3952 Non
930 3886 1028 3951 semel
1059 3885 1100 3951 ad
1130 3887 1219 3969 pacis
1248 3889 1333 3950 artes
1363 3907 1476 3970 axspa-

334 3997 409 4063 tiati
433 4018 545 4060 sumus
570 3996 816 4080 litterarumque
840 3993 936 4058 decus
959 3991 1031 4077 pari
1054 3992 1294 4058 munificentiae
1319 3993 1478 4076 sapientia

335 4103 506 4169 adauctum
531 4103 627 4186 atque
652 4103 878 4182 sustentatum,
901 4098 951 4162 vel
974 4098 1191 4163 institutionis
1214 4097 1362 4182 publicae
1381 4099 1477 4164 bene-

334 4211 406 4276 ficia
429 4207 527 4292 plane
550 4206 740 4291 singularia.
786 4203 968 4289 Aliquando
992 4204 1026 4268 in
1050 4205 1218 4270 recolenda
1241 4205 1397 4270 memoria
1420 4205 1478 4269 im·

335 4314 466 4381 mortali
490 4335 602 4379 ecrum
626 4311 769 4377 virorum
794 4333 905 4375 sumus
928 4310 1060 4394 versati,
1083 4311 1200 4394 quibus
1224 4309 1284 4376 Ille
1307 4312 1405 4396 longe
1428 4333 1476 4375 aa·

335 4421 513 4488 luberrimo
538 4421 689 4505 consilio,
712 4420 831 4484 dilectu
856 4421 964 4484 autern
990 4417 1186 4502 felicissimo,
1210 4417 1307 4483 sociis
1331 4418 1480 4484 laborum

337 4527 489 4592 utebatur
512 4525 790 4612 moderandaeque
813 4525 954 4590 civitatis
974 4523 1183 4607 administris,
1206 4526 1243 4586 ut
1258 4523 1480 4608 Altensteinii,
