3332 5074
549 425 812 474 sucronemne
836 425 1042 472 curvamus.
1295 409 1360 474 387

220 569 255 634 in
277 589 346 634 eum
367 567 443 650 pla
466 571 636 653 mutatum,
658 569 693 634 in
715 590 838 633 meram
863 572 970 633 autem
992 568 1174 634 barbariem
1199 593 1218 634 e
1240 568 1360 635 Bothio

219 678 422 759 corruptum,
450 674 541 740 cuiue
569 680 788 740 commentum
816 695 904 757 quen
927 675 1044 740 ubive
1070 676 1119 740 sui
1149 675 1254 740 simile
1277 674 1360 740 nihil

218 780 318 846 habet
347 780 410 844 nisi
438 779 518 846 alibi
542 781 583 845 ab
608 781 721 847 eodem
746 782 1006 848 commendatum
1029 784 1200 850 constituet.
1245 781 1361 858 Quem·

220 909 317 973 quam
340 887 410 951 fieri
434 889 544 972 potest
565 891 602 954 ut
625 911 642 954 e
666 890 862 975 glossemate
886 891 1055 969 sibillam,
1078 894 1231 956 revocata
1253 892 1361 954 autem

220 1017 302 1080 quae
326 993 479 1060 exciderit
503 995 631 1079 syllaba
654 997 701 1062 sic
723 1019 835 1062 versus
858 996 1140 1082 redintegrandus:

307 1137 410 1214 Quem
434 1141 509 1202 ente
532 1137 655 1220 hebuit,
679 1139 834 1222 perdidit:
859 1137 959 1204 silium
982 1143 1057 1224 post
1080 1137 1158 1206 lecit
1180 1103 1308 1205 nouom.

220 1279 283 1344 Vel
307 1280 403 1361 Quen
425 1280 500 1345 olim
521 1280 636 1347 lubuit.
646 1281 678 1366 Ι1)

696 1601 820 1662 osevr
834 1581 891 1648 XI.

306 1725 388 1792 Tam
420 1726 569 1810 angustis
603 1725 754 1792 cancellis
791 1725 1065 1810 circumscriptam
1103 1749 1173 1792 esse
1210 1727 1360 1794 binarum
1374 1749 1435 1793 oxu

220 1832 469 1898 consonantium
491 1833 526 1897 in
544 1833 691 1898 confiniis
710 1832 882 1899 verborum
902 1834 1136 1918 correptionem
1143 1832 1193 1921 **)
1211 1833 1361 1920 vidimus,

217 1943 338 2004 utnon
360 1940 466 2024 possit
487 1962 555 2005 non
574 1939 735 2004 maximae
753 1939 922 2004 mirationi
936 1960 1055 2026 magua
1069 1941 1284 2024 correptionis
1298 1941 1360 2007 fre·

217 2045 349 2130 quentia
378 2067 447 2112 esse
475 2047 509 2110 in
540 2047 636 2111 certis
664 2047 846 2130 vocabulis,
879 2047 907 2112 si
939 2067 1140 2112 communem
1174 2046 1361 2131 opinionem

218 2153 397 2237 sequimur,
427 2153 596 2218 admissae.
641 2151 823 2237 Exemplis,
852 2153 927 2238 quid
952 2156 1109 2238 spectem,
1131 2154 1319 2219 monstrabo
1344 2175 1360 2218 e

216 2257 302 2324 Trin.
326 2281 355 2326 v.
379 2261 432 2326 61.
456 2260 529 2326 705.
552 2258 626 2326 958.
649 2259 729 2325 989:
760 2260 833 2324 794.
858 2260 932 2326 810.
957 2261 1055 2327 1067ε
1083 2261 1157 2326 336.
1182 2261 1256 2327 678.
1279 2262 1360 2328 953:

260 2398 386 2486 Nempe
409 2401 493 2467 daim
515 2405 560 2481 tu,
584 2401 689 2486 oredo,
712 2423 763 2466 me
787 2400 1012 2486 inprudentem
1036 2401 1228 2486 obrepseris.

259 2505 334 2573 Non
356 2504 512 2593 eatm***)
539 2529 672 2592 possum
695 2505 772 2592 quin
796 2508 985 2573 exclamem:
1016 2530 1097 2595 euge
1121 2513 1212 2595 elige,
1234 2509 1361 2596 Lysiae

1067 2615 1124 2700 les,
1147 2616 1253 2682 πάλιν.

260 2701 438 2788 Εἠἱηιιιετο
464 2742 523 2807 ego
547 2743 632 2786 nunc
656 2721 876 2807 sdcophantee
899 2721 975 2788 buic
999 2722 1234 2807 sdcophentarr'
1254 2724 1338 2790 uolo.

259 2810 347 2893 albin
364 2828 441 2894 hinc
461 2829 503 2894 ab
527 2826 652 2894 oculis?
675 2826 738 2894 SY.
761 2829 921 2895 enimuero
942 2831 1038 2912 [caim
1059 2850 1133 2894 uero
1152 2828 1268 2912 Trin.²]
1289 2832 1360 2896 sero

647 2982 653 2994 .
955 2937 1108 3021 quoniam
1131 2936 1195 3001 huc
1219 2937 1361 3004 aduenis.

262 3040 360 3125 Apud
376 3041 552 3127 portitores
572 3028 625 3107 des
648 3041 832 3126 resignatas
857 3041 928 3107 sibi.

260 3149 359 3232 Apud
379 3147 555 3232 portitores
579 3150 648 3212 e‘sse
672 3149 846 3232 inspectas:
870 3147 1014 3233 denique.

258 3254 337 3320 Tibi
352 3255 520 3340 permitto:
534 3255 626 3320 illam
642 3255 777 3320 dlteram
790 3255 876 3338 opnrd
887 3276 948 3340 me,
963 3255 1047 3340 qudd
1063 3255 1182 3341 boniet,
1195 3257 1361 3341 appdnitc.

258 3361 323 3440 Qui
335 3363 458 3446 quidem
471 3384 630 3447 nusquam
644 3365 702 3448 per
720 3363 874 3428 uirtutem
894 3363 962 3427 re‘m
977 3363 1146 3448 confregit,
1160 3362 1256 3448 etque
1277 3370 1360 3452 eget.

256 3467 308 3536 Ne'
332 3468 506 3534 scintillam
529 3469 651 3551 quidem
669 3469 840 3555 relinques,
863 3472 965 3555 ge'nus
985 3469 1041 3555 qui
1060 3469 1240 3555 congliscat
1257 3474 1359 3538 tuum.

259 3575 325 3653 Qui
345 3578 468 3659 quidem
486 3597 552 3641 non
571 3573 703 3642 nouisse
721 3577 854 3662 possim,
877 3573 1007 3662 quicum
1028 3581 1168 3644 aetatem
1188 3579 1358 3664 exegerim.

212 3719 335 3796 Quibus
358 3718 502 3785 dubitari
524 3722 635 3804 potest
656 3740 735 3784 num
757 3719 838 3786 haec
861 3709 1008 3785 addenda
1029 3721 1095 3786 sint
1114 3742 1131 3784 e
1150 3743 1179 3786 v.
1197 3721 1270 3787 190.
1284 3722 1359 3789 478.

210 3825 285 3892 557.
309 3825 382 3892 875.
408 3824 504 3890 1030.
530 3825 630 3891 1055:

255 3965 318 4032 Sed
343 3965 421 4052 quid
445 3967 515 4032 eis?
539 3966 616 4052 quid
639 3989 724 4034 nunc
746 3966 868 4054 uirgo?
892 3992 1008 4055 nempe
1030 3970 1117 4054 epod
1137 3969 1223 4035 test?
1248 3969 1340 4035 Itast.

212 4113 424 4120 ...——---—--

319 4181 346 4250 ⁸)
370 4179 474 4251 [Illum
491 4196 568 4250 quem
586 4185 650 4236 am
666 4179 763 4234 habuit
778 4181 915 4249 peremit,
937 4181 1001 4248 feeit
1019 4195 1116 4234 mocon
1133 4179 1232 4250 Trin.¹,
1260 4180 1310 4236 ubi
1329 4199 1357 4237 se

215 4267 316 4338 Opuse.
328 4267 399 4339 phil.
417 4269 443 4323 II
455 4287 481 4340 p.
498 4274 550 4325 568
565 4269 647 4324 eitius
666 4267 735 4322 dicit
747 4269 897 4324 secessisse
910 4269 1091 4324 Lachmanno
1105 4267 1135 4324 in
1148 4268 1227 4324 Lucr.
1242 4289 1269 4340 p.
1286 4257 1359 4328 116]

298 4356 340 4425 *Ἴ
360 4356 415 4428 [ef.
433 4375 461 4428 p.
482 4363 534 4413 385
554 4355 697 4429 annot⁸*]

283 4443 339 4514 ***)
361 4445 499 4516 [Noenum
517 4445 686 4502 Ritsobelius
711 4445 741 4502 in
759 4446 801 4502 ed.
821 4447 884 4514 alt,
903 4446 973 4502 Nor.
993 4463 1051 4501 exc.
1071 4447 1188 4504 Plana]
1208 4467 1235 4518 p.
1257 4455 1307 4503 112
1318 4467 1359 4520 sq.
1384 4513 1390 4524 .

214 4533 289 4588 conl.
308 4553 335 4604 p.
354 4541 389 4590 40
408 4538 437 4590 et
456 4534 557 4605 Opuse.
575 4534 647 4606 phil.
665 4535 690 4588 Il
708 4553 735 4604 p.
755 4541 807 4589 242
818 4536 872 4606 sq]

1093 4625 1149 4680 25*
