3332 5074
541 455 800 504 nnuunffloms
825 454 1033 501 curvemus.
1299 436 1362 500 427

220 599 322 664 tiliter
337 599 560 665 Fleckeisenus
579 621 683 684 nuper
698 597 807 662 docuit
822 597 948 680 [Exere.
964 595 1069 661 Plaut.
1083 618 1113 678 p.
1127 597 1169 660 48
1182 597 1253 679 sq.].
1288 595 1320 660 N
1323 617 1364 660 on

220 707 341 772 maiore
365 727 462 790 opera
487 704 589 772 Stichi
613 705 654 784 Il,
677 707 708 788 2,
731 705 775 769 60
798 703 992 768 restituitur:

307 848 377 914 lam
401 870 452 932 mo
475 871 541 914 non
565 847 647 913 facio
668 848 862 913 auctionem:
885 867 960 910 narn
985 843 1106 929 obtigit
1127 843 1173 908 mi
1195 842 1364 908 hereditas.
1457 889 1461 902 .

221 991 257 1054 In
286 991 485 1056 Menaechm.
509 988 549 1074 V,
572 991 601 1072 5,
624 991 668 1054 22
692 993 800 1054 autem
828 1010 886 1074 pro
909 989 1042 1072 percepit
1068 988 1194 1052 insanio
1221 987 1294 1070 ipso
1317 1006 1365 1049 re·

220 1098 328 1182 posito
352 1097 558 1163 coniunctivo
583 1095 699 1161 scribe:
1213 1107 1215 1111 ‘

858 1202 933 1288 qnid
958 1204 1065 1268 cessas
1089 1201 1166 1266 dare

310 1311 456 1376 Potionis
481 1310 612 1394 dliquid,
634 1309 821 1394 priusquam
845 1309 1003 1393 pe'rcipiot
1025 1307 1174 1372 insdnia?

224 1453 297 1517 Alia
329 1452 476 1535 exempla
514 1455 694 1516 ceterarum
728 1451 951 1517 emendatione
985 1450 1167 1538 fabularum
1192 1449 1355 1514 tollentur.
1366 1471 1523 1513 ccxxxvii

222 1558 285 1624 Sed
305 1559 345 1623 ad
364 1559 593 1624 Terentianum
611 1558 723 1642 adpetit
739 1559 928 1624 iudustriam
946 1557 1179 1622 defendendum
1202 1578 1268 1621 non
1291 1562 1366 1621 utar

222 1666 283 1730 hac
302 1665 590 1731 demonstratione:
610 1665 665 1729 nbi
685 1687 757 1729 cum
775 1664 924 1730 Bentleio
945 1686 1077 1749 prorsus
1096 1664 1241 1729 desidero
1259 1669 1366 1729 costra

221 1773 421 1856 pronominis
449 1772 630 1853 notionem,
659 1771 759 1856 elapsi
789 1776 897 1836 autem
926 1771 1074 1836 versiculi
1106 1770 1241 1836 alicuius
1271 1769 1364 1834 video

224 1879 321 1944 etiam
346 1880 410 1944 alia
435 1879 582 1964 exempla
606 1879 740 1964 proponi
765 1899 870 1963 posse,
893 1882 930 1944 ut

354 2020 552 2107 Bonitasque
576 2021 734 2100 adiutans,
759 2043 840 2106 quae
864 2021 1004 2085 antehac
1026 2022 1059 2085 in
1081 2021 1177 2086 uobis
1200 2023 1275 2087 fuit:

278 2155 280 2160 ’
356 2123 557 2212 Bonitasque
580 2130 700 2209 nostra,
723 2148 804 2211 quae
829 2127 910 2192 alias
934 2128 1076 2194 adiutrix
1098 2128 1170 2194 fuit.

309 2267 403 2333 Nunc
436 2273 557 2348 autem,
589 2273 760 2354 postquam
793 2291 865 2334 eum
898 2271 1018 2353 locum,
1050 2271 1105 2354 qui
1137 2273 1187 2335 est
1216 2269 1254 2334 de
1285 2291 1364 2334 cor·

221 2375 398 2460 reptione
428 2377 630 2461 longarum
654 2376 859 2460 vocalium,
883 2376 934 2441 ita
956 2377 1005 2442 uti
1028 2377 1164 2442 fecimus
1187 2379 1365 2459 pertracta-

221 2482 334 2564 vimus,
358 2482 454 2548 simul
472 2487 609 2567 apparet
628 2504 685 2547 cur
702 2483 872 2549 brevium
898 2484 1091 2550 vocalium
1115 2481 1366 2568 productioni

221 2588 347 2655 nullum
370 2590 503 2654 omnino
528 2590 635 2654 locum
658 2590 692 2655 in
715 2590 867 2674 prosodia
890 2590 1019 2676 quidem
1039 2589 1191 2655 Plautina
1215 2591 1365 2655 conceda·

222 2719 302 2780 mus,
325 2695 381 2760 sed
404 2699 531 2760 tantum
556 2696 695 2780 aliquem
719 2697 752 2760 in
775 2697 918 2762 metrica.

685 2955 909 3029 osavr'XIV.

310 3103 433 3184 Quibus
458 3110 566 3170 antem
590 3105 833 3171 condicionibus
857 3105 1015 3190 syllabam
1039 3103 1223 3188 ancipitem,
1245 3104 1366 3170 eisdem

222 3209 351 3275 admitti
373 3209 521 3275 hiatum
544 3215 681 3277 constat
724 3211 816 3278 Nihil
844 3211 946 3296 igitur
969 3211 1158 3294 suspitionis
1182 3210 1365 3276 Trinummi

222 3317 301 3382 haec
316 3318 464 3402 exempla
481 3316 611 3402 habent,
633 3317 749 3403 quibus
768 3318 933 3402 proditum
948 3318 981 3382 in
996 3317 1088 3382 libris
1103 3317 1230 3382 hiatum
1244 3317 1364 3401 partim

224 3424 349 3488 servavi
367 3423 487 3507 partim
507 3425 666 3509 revocavi,
688 3447 719 3489 v.
738 3425 811 3489 273.
831 3425 906 3490 432.
929 3425 1003 3488 901.
1029 3425 1123 3490 1059.
1150 3425 1243 3490 1011.
1265 3425 1364 3490 1185:
1481 3476 1486 3484 .

269 3545 414 3610 Gloriam
439 3553 472 3611 et
490 3549 644 3630 ι00111001·
666 3549 722 3614 hoe
743 3548 853 3632 probis
878 3548 1059 3631 pretiumst.

267 3651 425 3735 Tempust
447 3654 628 3742 odorandi.*)
651 3654 715 3720 LE.
738 3657 819 3721 c‘stue
840 3653 892 3718 hio
916 3654 1025 3720 Philto
1050 3655 1104 3740 qui
1128 3655 1281 3721 aduenit?

267 3759 371 3824 Lubet
385 3759 502 3825 audire.
517 3758 580 3825 SY.
594 3761 644 3826 illi
659 3761 772 3845 edepol
787 3761 886 3826 1111-
899 3761 949 3825 1111
963 3797 1000 3806 -
1016 3783 1075 3826 uae
1091 3762 1208 3826 misero
1223 3759 1365 3846 mihi.**)

267 3848 316 3929 Elo
347 3864 486 3930 domum.
524 3863 590 3930 οΗ.
622 3866 702 3931 heus
732 3869 782 3950 tu,
813 3872 885 3930 asta
914 3865 1000 3932 ssico.
1030 3867 1189 3954 araim),
1218 3869 1292 3933 leeris
1321 3871 1365 3931 tu.

861 3971 918 4039 ST.
943 3995 1008 4038 non
1033 3979 1093 4040 sto.
1130 3973 1196 4038 CH.
1220 3977 1253 4038 td
1279 3973 1365 4038 uolo.

314 4131 340 4198 *1
359 4129 490 4200 [Dubitat
507 4131 542 4184 de
560 4131 614 4186 hoc
632 4129 760 4200 exemplo
779 4130 950 4185 Ritsohelius
968 4129 998 4184 in
1016 4130 1058 4184 ed.
1079 4131 1139 4199 alt]

293 4217 400 4288 **)[1n
423 4218 466 4274 ed.
489 4218 538 4272 alt
562 4217 732 4272 Ritschelius
756 4218 914 4274 annotavit:
940 4219 1000 4273 ‘ille'
1022 4219 1067 4272 1111
1088 4219 1133 4272 1111
1155 4233 1218 4272 cum
1237 4218 1365 4274 Acidalio

222 4305 405 4374 Hermannus,
423 4307 524 4361 merito
543 4307 660 4362 fortasse
678 4307 826 4376 probatum
842 4306 950 4361 Naelrio
970 4306 1004 4360 de
1023 4305 1106 4360 allitt.
1126 4323 1153 4375 p.
1168 4312 1228 4362 382.
1247 4307 1305 4362 11110
1323 4309 1367 4363 illi

221 4393 372 4449 Muellerus
391 4395 425 4450 de
443 4411 517 4464 pros.
535 4413 563 4465 p.
583 4401 634 4449 568
652 4394 735 4449 valde
753 4394 951 4463 inconcinne.']

274 4481 334 4550 m)
354 4482 399 4553 [In
416 4483 459 4539 ed.
480 4483 528 4540 alt.
547 4501 604 4538 non
622 4481 766 4553 displicuit
784 4483 944 4539 Ritschelio
958 4483 1047 4538 audin
1069 4499 1087 4536 a
1105 4481 1241 4537 Muellero
1264 4499 1365 4554 propo·

223 4568 328 4637 situm]
