3332 5074
544 405 806 454 annumereris
830 407 1040 455 curvamen.
1305 394 1370 458 485

223 570 355 631 prorsus
375 548 408 612 in
427 545 564 633 meoe*):
588 548 725 613 alterum
744 570 811 613 non
830 549 918 633 item,
941 551 997 614 ubi
1016 557 1050 614 ta
1070 552 1165 632 facite
1183 559 1374 636 opsonatum,

224 654 309 739 qnod
336 677 395 738 pro
424 653 565 738 simplici
589 660 621 719 lu
649 661 794 738 opsonatu
823 660 886 740 est,
915 657 1036 722 nullam
1061 681 1080 722 a
1103 659 1255 742 depresso
1277 660 1373 740 facim

224 762 322 827 verbo
352 761 564 826 offensionem
593 762 694 826 habet
722 759 813 844 (nam
831 763 916 847 quod
939 747 1038 828 etiam
1062 770 1104 848 tn,
1127 769 1164 830 ut
1186 765 1372 850 oppositum

223 889 274 951 eqo
298 867 500 952 pronomini,
529 867 761 933 intendendum
785 890 855 933 esse
880 869 1040 953 videatur,
1065 871 1102 935 de
1126 894 1165 937 eo
1191 871 1285 936 aliter
1308 874 1373 936 exi·

226 974 426 1040 stimaudum
453 996 523 1040 esse
545 974 632 1038 infra
654 975 886 1062 intellegetur).

312 1081 444 1146 Praeter
473 1080 553 1145 haec
580 1081 613 1144 in
641 1081 707 1144 illis
732 1103 814 1166 quae
838 1103 854 1146 e
878 1083 1036 1167 principio
1061 1081 1371 1152 Trinnmmi‘excer·

222 1189 347 1272 psimus
371 1187 527 1272 exemplis
549 1187 651 1251 habes
676 1209 753 1252 sane
777 1188 876 1252 etiam
900 1189 1061 1272 gravioris
1086 1195 1242 1258 momenti
1265 1196 1371 1258 notio-

224 1295 339 1360 nesab
358 1295 423 1359 arsi
442 1295 602 1359 exclusas:
620 1315 748 1378 sequere,
769 1296 889 1378 [adest]
908 1297 985 1360 dedi.
1018 1297 1063 1360 At
1077 1319 1152 1362 vero
1171 1298 1222 1362 his
1242 1298 1370 1384 quidem

224 1402 354 1466 aliunde
387 1401 551 1466 excusatio
583 1405 714 1486 praesto
748 1405 798 1466 est
828 1402 948 1467 rationi
980 1415 1113 1487 prorsus
1146 1410 1371 1473 consentanea.

224 1508 337 1574 Posita
365 1509 449 1572 enim
478 1511 555 1572 sunt
582 1507 616 1572 in
643 1507 715 1592 ipso
743 1529 923 1573 versuum
953 1509 1081 1575 initio:
1109 1511 1199 1575 cuius
1224 1512 1288 1588 loci
1311 1536 1472 1578 na-couvr

223 1620 298 1679 tura
320 1635 358 1678 ea
381 1617 431 1679 ert
459 1619 509 1697 ut,
537 1615 690 1700 quoniam
718 1614 764 1678 ibi
787 1637 848 1680 vox
872 1616 1044 1696 exorditur,
1068 1619 1211 1683 naturali
1235 1621 1370 1684 necessi·

225 1725 292 1787 tate
317 1720 456 1805 quadam
479 1721 711 1803 pronuntiandi
734 1743 801 1786 non
824 1723 991 1787 eleventur
1014 1723 1114 1788 verba
1138 1726 1193 1790 sed
1218 1726 1371 1792 extollan-

224 1817 291 1910 tbr,
321 1827 449 1892 etiamsi
476 1827 559 1890 ictus
583 1847 804 1911 numerorum,
832 1832 869 1892 nt
892 1828 925 1894 in
949 1829 1112 1914 iambicis,
1141 1852 1205 1895 non
1230 1832 1370 1898 accedat.

223 1935 318 2000 Talia
341 1934 442 2020 igitur
465 1935 541 1996 sunt
562 1931 660 1998 Bene
678 1932 764 1998 Tris.
780 1936 838 2017 ⁸41,
861 1935 948 1999 Bene
966 1937 1018 2018 52,
1042 1935 1139 2002 Credo
1157 1938 1209 2020 53,
1232 1938 1371 2021 Deosque

222 2044 274 2126 57,
296 2042 389 2105 Foco
413 2041 466 2123 60,
488 2040 567 2104 Men
590 2039 642 2120 69,
665 2044 698 2103 et
722 2039 841 2104 similia
864 2040 991 2124 ubique.

312 2148 469 2213 Attamen
498 2168 536 2208 ex
564 2167 611 2227 eo,
640 2146 725 2229 quod
753 2146 895 2229 pondere
924 2151 1071 2212 carentes
1100 2171 1194 2214 voces
1222 2151 1314 2216 licuit
1336 2153 1369 2216 in

222 2255 307 2320 thesi
335 2253 527 2337 deprimere,
560 2252 694 2316 minime
726 2253 932 2337 consequitur
962 2275 1028 2318 non
1057 2254 1201 2337 potuisse
1232 2259 1303 2322 acui
1335 2261 1368 2324 in

220 2362 285 2428 arsi
309 2362 475 2426 collocata.
521 2358 626 2423 Immo
651 2359 845 2444 ubicumque
869 2360 959 2424 nulls
981 2361 1144 2445 ipsorum,
1168 2363 1283 2447 quibus
1312 2367 1368 2430 ali·

223 2467 309 2554 quod
332 2467 533 2532 enuntiatum
559 2467 604 2549 fit,
627 2465 807 2531 mutatione
829 2466 922 2530 licuit
944 2467 995 2530 rel
1018 2467 1204 2533 satisfacere
1228 2470 1294 2554 legi
1318 2473 1367 2536 rel

221 2597 286 2640 non
307 2574 503 2658 satisfacere,
524 2577 777 2639 cousentaneum
797 2578 847 2636 est
869 2574 916 2638 ita
939 2575 1039 2639 verba
1061 2575 1231 2660 disponere
1254 2584 1367 2659 poetas

221 2682 388 2766 maluisse,
416 2685 452 2746 ut
480 2681 627 2766 singulae
654 2679 805 2746 notiones
834 2681 894 2744 sub
923 2681 1005 2747 ictus
1034 2681 1184 2747 caderent
1211 2705 1308 2767 quam
1332 2689 1368 2749 ut

222 2788 381 2872 quaedam
401 2792 492 2853 extra
511 2788 603 2852 ictus.
636 2786 719 2863 Quid
740 2787 826 2851 enim
845 2787 976 2854 tandem
994 2809 1128 2852 caussae
1152 2789 1252 2854 fuisse
1275 2796 1365 2873 pute·

220 2916 291 2958 mus
320 2917 391 2978 cur,
422 2877 518 2978 quem
547 2894 694 2959 ordinem
721 2894 806 2959 ratio
835 2894 997 2976 universa,
1029 2916 1046 2956 e
1078 2917 1142 2978 qua
1172 2893 1233 2960 boc
1264 2917 1365 2981 genus
1434 2891 1437 2896 ’

219 3020 409 3084 suspensum
433 3003 495 3084 est,
518 3000 733 3083 dissuaderet,
761 2999 961 3084 praeferrent
983 2999 1013 3063 ei
1037 3001 1092 3085 qui
1115 3003 1365 3068 commendatio-

219 3129 293 3172 nem
321 3105 551 3171 concinnitatis
578 3107 702 3172 habeus
731 3129 804 3172 cum
833 3107 922 3172 nullo
949 3129 1083 3190 prorsus
1113 3131 1223 3172 versus
1246 3109 1365 3174 facien·

219 3215 301 3278 tium
328 3213 533 3279 incommodo
563 3213 754 3278 coniunctus
783 3213 890 3278 esset?
936 3212 1050 3297 Itaque
1073 3213 1170 3278 huius
1194 3213 1243 3277 vis
1268 3215 1365 3281 ratio·

219 3320 391 3386 cinctionis
416 3343 487 3384 cum
507 3320 540 3384 in
560 3319 767 3384 emendandis
787 3319 853 3384 illis
872 3319 977 3402 poetis
996 3323 1048 3384 sat
1067 3321 1133 3384 late
1152 3324 1271 3405 pateat,
1295 3325 1363 3386 tum
1393 3358 1394 3361 κ

218 3427 426 3510 praecipuum
454 3427 504 3490 ius
534 3425 694 3509 quoddam
723 3425 823 3488 habet
848 3426 883 3488 in
916 3426 1044 3519 conciso
1073 3431 1364 3513 coagmentatoque

218 3533 418 3598 senariorum
446 3535 564 3597 metro:
592 3531 702 3615 paullo
732 3530 819 3594 enim
847 3531 1028 3597 liberiorem
1058 3533 1231 3617 rationem,
1263 3539 1299 3599 ut
1331 3537 1364 3602 iu

218 3640 290 3704 aliis
314 3640 419 3723 rebus,
442 3639 490 3704 ita
512 3638 546 3703 in
568 3637 630 3703 hoc
654 3657 770 3722 genere
794 3637 969 3720 septenarii
992 3643 1179 3722 sequuntur,
1203 3642 1244 3706 ab
1268 3643 1362 3707 initio

219 3746 428 3831 potissimum
460 3767 586 3810 versus:
619 3765 681 3828 quo
715 3748 748 3807 et
777 3744 873 3824 facito
905 3743 984 3807 illud
1017 3745 1158 3828 pertinet
1189 3752 1222 3812 et
1247 3755 1363 3830 potero,

218 3854 301 3938 quod
326 3853 415 3918 nullo
444 3853 577 3938 negotio
602 3874 673 3916 cum
697 3850 762 3916 arsi
786 3850 957 3916 conciliare
986 3851 1031 3915 sic
1061 3851 1191 3916 licebat:
1221 3855 1313 3918 Nu‘ac
1334 3857 1364 3919 si

211 3963 317 4044 petere
339 3982 392 4043 eqo
414 3961 602 4025 caementis
617 4011 624 4024 .
639 4011 645 4025 .
661 3957 725 4023 Sed
748 3958 836 4023 Trin.
856 3980 884 4022 v.
903 3957 948 4022 45
970 3980 1043 4023 cum
1067 3961 1156 4044 optio
1181 3959 1257 4023 data
1276 3964 1363 4024 esset

217 4068 333 4132 harum
356 4067 620 4132 collocationum:
649 4067 743 4147 qude‘c
765 4064 814 4129 bic
831 4065 927 4146 pro'pe
949 4086 997 4128 me
1017 4067 1080 4130 ade
1101 4072 1191 4130 emeat
1214 4071 1247 4128 et
1268 4067 1362 4147 quere

217 4173 267 4237 bie
293 4174 355 4238 uox
380 4195 476 4256 prope
503 4173 554 4235 me‘
576 4178 679 4249 sonat,
708 4173 768 4236 etsi
797 4171 835 4236 ad
865 4172 1059 4236 sententiam
1083 4193 1285 4256 nequaquam
1308 4195 1359 4238 ne·
1425 4193 1439 4216 ⁸

216 4279 355 4344 cessaria
384 4282 434 4342 est
455 4297 552 4360 prope
578 4277 683 4360 notio,
716 4281 826 4342 tamen
857 4276 1010 4361 quoniam
1041 4277 1190 4341 accedere
1222 4278 1362 4362 scriptor

287 4507 313 4576 a)
332 4484 406 4578 [aba
425 4507 515 4562 ,orori
532 4507 606 4560 „aeae
623 4521 716 4560 cenam
734 4505 813 4560 hodie
833 4547 839 4560 .
859 4545 866 4560 .
889 4507 990 4576 Opuse.
1011 4505 1079 4576 phil.
1098 4506 1124 4560 ll
1142 4523 1170 4575 p.
1189 4506 1262 4577 305]
