3302 5076
317 399 383 464 660
697 416 930 467 ulramrscnn
952 419 1079 467 annau.

316 578 434 643 genere
457 559 691 643 propemodum
713 560 931 645 principatum
954 563 1079 626 teneat:
1106 560 1185 645 quin
1212 557 1252 624 de
1280 559 1387 642 poesis
1410 581 1462 625 ca-

315 667 523 751 terarumque
551 666 670 732 artium
698 666 921 733 existimatore
949 667 990 734 ab
1019 665 1201 752 elegantiae
1231 687 1330 732 sensu
1356 668 1461 752 philo·

311 771 513 857 sophiaeque
535 773 657 838 lumine
680 773 945 839 instructissimo:
968 774 1047 859 quin
1070 773 1109 838 de
1131 777 1228 858 poeta
1250 773 1279 838 si
1301 795 1367 840 non
1389 796 1461 858 per-

315 878 471 964 eleganti,
495 882 530 942 at
552 900 618 944 non
641 901 719 945 sane
741 879 807 945 ullo
831 879 927 945 modo
952 879 1113 945 mediocri
1161 877 1224 944 Sed
1247 883 1358 946 tamen
1380 879 1461 945 haec

314 989 383 1050 tam
406 985 535 1050 diversa
557 985 643 1050 inter
666 1007 701 1050 se
724 984 834 1050 studia
856 989 944 1051 certo
964 985 1206 1052 communitatis
1225 985 1355 1052 vinculo
1375 985 1461 1052 inter

315 1091 525 1177 accopulata
551 1091 680 1176 habuit,
709 1091 794 1176 quod
822 1091 877 1157 ubi
903 1092 1179 1178 indagaverimus,
1205 1091 1313 1176 ipsum
1335 1092 1459 1158 fontem

314 1200 479 1283 aperuisse
507 1199 716 1264 consiliorum
744 1219 826 1282 quae
855 1202 997 1264 sectatus
1026 1202 1076 1264 est
1103 1197 1247 1264 omnium
1270 1199 1460 1265 ridebimur.

314 1304 400 1371 Nam
429 1328 493 1391 quo
521 1304 576 1370 ille
603 1308 771 1390 tamquam
799 1305 1010 1370 fundamento
1039 1327 1171 1388 operam
1200 1327 1329 1371 omnem
1352 1306 1385 1370 in
1409 1306 1460 1371 lit

315 1415 394 1478 teris
422 1416 514 1478 tanta
543 1434 616 1478 cum
639 1412 746 1498 gloria
768 1412 912 1495 positam
935 1412 1167 1497 superstruxit,
1194 1412 1250 1478 illa
1272 1411 1337 1478 fuit
1360 1415 1459 1478 anti·

315 1520 482 1604 quitatis
501 1518 672 1584 Graecae
690 1517 962 1603 Romanaeque
981 1518 1182 1584 incredibilis
1202 1519 1383 1604 admiratio,
1405 1541 1459 1587 oo-

315 1627 419 1712 gnitio
442 1626 631 1711 plenissima
654 1631 687 1690 et
709 1628 866 1709 perpetua
889 1626 1057 1704 tractatio,
1080 1647 1162 1710 quae
1185 1648 1244 1711 per
1266 1625 1335 1691 eius
1358 1627 1459 1692 vitam

314 1757 335 1798 a
356 1734 461 1818 prima
480 1732 700 1798 adulescentia
718 1731 758 1796 ad
777 1735 956 1797 extremam
974 1735 1174 1798 senectutem
1192 1733 1349 1816 pertinuit
1366 1737 1459 1800 tanto

314 1841 443 1925 quidem
467 1840 606 1924 fervore,
629 1839 729 1904 immo
754 1838 907 1924 flagranti
931 1839 1058 1922 ardore,
1081 1843 1118 1904 ut
1141 1838 1272 1904 difficile
1296 1839 1384 1905 dictu
1408 1841 1459 1923 sit,

313 1948 428 2031 plusne
455 1946 506 2012 illi
532 1945 613 2010 haec
641 1945 747 2010 studia
775 1967 815 2010 an
842 1944 894 2010 his
923 1944 1037 2009 studiis
1071 1944 1140 2030 ipse
1173 1945 1300 2011 debeat.
1345 1945 1459 2012 Testes

315 2059 391 2121 sunt
417 2054 610 2139 quicumque
637 2052 676 2117 de
704 2053 773 2117 eius
801 2051 869 2117 vita
895 2051 1004 2136 paullo
1032 2051 1221 2138 diligentius
1253 2053 1460 2138 rettulerunt,

313 2165 414 2227 testes
442 2160 545 2245 ipsius
574 2158 731 2243 epistulae
759 2158 825 2223 iam
853 2179 891 2222 ex
919 2161 1012 2242 parte
1041 2154 1181 2242 (utinam
1205 2157 1346 2246 omnesl)
1368 2160 1458 2225 foras

314 2268 419 2352 datae,
440 2271 541 2332 testes
560 2287 737 2351 numquam
757 2265 901 2347 peritura
925 2286 1006 2349 quae
1029 2264 1153 2350 ingenii
1176 2266 1226 2331 sui
1249 2271 1460 2332 monumenta

313 2374 597 2458 praestantissima
620 2371 804 2456 posteritati
829 2369 982 2454 prodidit.
1019 2368 1200 2437 Germanus
1224 2372 1258 2437 in
1282 2372 1349 2456 illo,
1372 2373 1401 2438 si
1424 2373 1458 2438 in

314 2501 378 2564 quo
402 2480 466 2546 alio
489 2501 652 2564 umquam,
675 2478 739 2543 fuit
758 2475 955 2543 Graecorum
979 2476 1121 2560 spiritus,
1144 2499 1217 2542 cum
1240 2481 1309 2542 arte
1333 2479 1457 2564 simpli·

314 2586 405 2671 citas,
428 2607 501 2652 cum
525 2585 634 2669 gratia
656 2584 811 2669 gravitas,
834 2605 906 2648 eum
927 2585 1089 2649 suavitate
1109 2584 1273 2664 maiestas,
1296 2608 1369 2651 cum
1388 2609 1460 2672 per·

314 2692 496 2758 severantia
525 2690 707 2774 urbanitas,
737 2711 810 2756 cum
837 2691 1021 2755 constantia
1044 2689 1240 2774 liberalitas,
1271 2691 1458 2758 humanitas

313 2821 386 2865 eum
412 2798 613 2866 fortitudine.
659 2796 752 2874 Quod
776 2800 884 2861 autem
907 2817 967 2861 usu
990 2796 1100 2862 venire
1123 2818 1351 2883 usquequaque
1374 2800 1456 2864 vide

314 2929 399 2992 mua,
429 2909 479 2991 ut,
509 2926 572 2989 quo
604 2906 676 2989 quis
707 2903 939 2969 accuratiorem
970 2903 1172 2989 singulorum
1202 2904 1372 2970 seientiam
1396 2906 1458 2971 sibi

313 3013 562 3098 comparaverit,
595 3032 632 3076 eo
660 3009 780 3075 rectius
807 3009 873 3074 vim
902 3009 1044 3075 universi
1071 3010 1198 3094 generis
1226 3011 1398 3096 pereipiat,
1424 3013 1459 3076 id

311 3119 368 3185 ille
391 3141 517 3205 quoque
540 3120 588 3184 ita
611 3121 761 3202 expertus
785 3119 843 3201 est,
866 3119 911 3200 ut,
935 3137 998 3200 quo
1023 3137 1056 3180 se
1076 3114 1253 3182 studiosius
1272 3118 1307 3182 in
1325 3119 1458 3183 intimos

312 3226 518 3313 antiquitatis
553 3245 697 3291 recessus
731 3223 929 3288 insinuasset
966 3244 1093 3307 quoque
1125 3223 1277 3289 artiorem
1315 3245 1386 3290 eum
1416 3247 1457 3290 ea

311 3333 571 3399 familiaritatem
589 3330 814 3414 contraxisset,
837 3350 875 3394 eo
899 3329 1017 3394 certius
1041 3351 1173 3395 caussas
1197 3334 1230 3394 et
1253 3330 1460 3417 intellegeret

313 3443 346 3505 et
369 3440 433 3506 sibi
455 3440 676 3526 persuaderet,
705 3459 761 3502 our
789 3435 847 3500 illa
875 3435 958 3500 nulli
982 3435 1082 3501 aetati
1105 3457 1171 3502 non
1194 3457 1264 3502 esse
1289 3441 1458 3502 aeternum

313 3546 440 3612 virtutis
468 3547 631 3631 exemplar
659 3567 697 3610 ae
718 3543 870 3628 perennis
893 3543 967 3608 fons
991 3565 1086 3608 verae
1113 3543 1373 3609 humanitatis
1404 3543 1458 3608 de·

313 3652 413 3718 beret.
457 3651 606 3736 Namque
633 3651 695 3716 hac
719 3671 784 3714 una
806 3671 884 3715 voce
907 3653 993 3715 recte
1016 3648 1187 3733 complecti
1211 3671 1323 3716 omnes
1346 3654 1457 3733 partes

312 3759 381 3824 eius
409 3758 629 3844 praestantiae
658 3759 691 3820 et
718 3755 924 3821 auctoritatis
951 3755 1112 3839 ridemur,
1140 3777 1236 3840 quam
1265 3756 1336 3838 pari
1358 3755 1458 3839 perti·

309 3867 405 3932 nscia
436 3869 533 3951 atque
564 3864 644 3929 adeo
675 3862 852 3929 acrimonia
881 3861 963 3927 alios
993 3860 1091 3928 hodie
1121 3861 1284 3928 vindicare
1317 3862 1458 3947 antiqui·

311 3972 390 4038 tatis
419 3970 549 4056 studiis,
576 3970 734 4056 denegare
761 3968 845 4034 alios
873 3967 1032 4034 videmus:
1063 3970 1192 4053 quando
1219 3969 1455 4035 humanitatem

310 4101 384 4146 eam
408 4077 617 4165 perfectionis
641 4075 860 4142 condicionem
879 4074 1141 4162 interpretamur,
1163 4075 1203 4142 ad
1222 4097 1320 4161 quam
1339 4096 1458 4161 aequu-

312 4186 422 4252 biliter
450 4191 483 4253 et
509 4184 687 4251 liberaliter
715 4181 851 4247 excultis
875 4180 1086 4250 facultatibus
1108 4184 1251 4248 humano
1275 4184 1387 4269 generi
1410 4182 1458 4246 in·

312 4295 385 4360 sitis
400 4294 522 4360 cernetis
536 4291 704 4377 pervenire
722 4287 830 4372 homo,
849 4289 978 4373 qualem
997 4293 1132 4356 naturae
1151 4291 1335 4376 benignitas
1354 4290 1459 4374 finxit,

311 4401 424 4484 possit.
461 4402 512 4466 Ad
530 4401 615 4466 hauc
632 4399 734 4484 igitur
751 4395 988 4462 hutnanitatem
1007 4397 1035 4462 si
1057 4397 1191 4482 propius
1214 4419 1312 4480 quam
1333 4401 1456 4462 veteres

310 4506 388 4571 illos
411 4507 533 4572 nullam
556 4525 710 4592 umquam
733 4505 863 4589 gentem
888 4503 1061 4568 accessisse
1080 4504 1261 4568 communis
1280 4524 1456 4570 consensus
