3338 5072
293 379 358 442 326
580 393 844 440 naorunrouaua
868 393 914 438 na
938 391 1147 438 urrroursvs

293 537 492 601 tutissimum
521 534 622 600 videri
650 535 859 602 Ambrosiani
888 535 1077 602 auctoritati
1106 535 1325 618 mancipatum
1359 557 1438 617 esse,

293 644 487 728 ubicumque
510 641 544 708 id
568 663 648 708 sana
675 642 759 706 ratio
789 641 932 726 patiatur
959 663 1019 706 nee
1048 640 1249 726 praestantia
1277 639 1438 706 Palatino·

174 776 277 816 axum
292 772 363 815 rum
395 753 564 834 tamquam
596 749 629 814 in
663 749 773 815 oculos
805 749 957 814 incurrat
1011 747 1082 825 Quo
1115 747 1222 812 minus
1260 747 1440 832 singularia

293 856 451 941 quaedam
480 860 513 920 et
539 855 747 920 vehementer
776 861 940 940 suspecta,
968 877 1050 941 quae
1074 853 1136 920 soli
1159 857 1324 920 testantur
1347 852 1438 920 Pala·

293 965 363 1050 tini,
386 963 531 1030 artificiis
550 963 742 1048 quibusdam
763 963 996 1047 interpretandi
1015 961 1234 1028 excusandive'
1246 960 1439 1046 ambagibus

293 1072 431 1138 tutanda
449 1076 526 1136 sunt
544 1077 581 1136 ut
599 1070 818 1136 reconditiora
836 1074 933 1155 atque
953 1065 1170 1154 exquisitiora,
1193 1067 1249 1134 sed
1268 1068 1308 1132 ad
1328 1090 1439 1133 sanam

293 1177 535 1264 simplicitatem
559 1178 795 1262 probatamque
820 1175 1084 1243 consuetudinem
1103 1198 1176 1241 cum
1195 1177 1227 1240 A
1250 1176 1440 1241 revocanda.

293 1285 346 1351 Ita
368 1285 453 1370 quod
477 1307 493 1350 e
518 1284 697 1349 recessibus
720 1283 847 1368 priscae
876 1284 1005 1370 linguae
1029 1305 1178 1348 manasse
1201 1282 1359 1348 creditum
1383 1287 1441 1367 est,

294 1393 450 1458 columis
477 1390 671 1456 adiectivum
699 1413 758 1474 pro
787 1391 949 1456 incolumis
975 1388 1133 1474 positum,
1166 1389 1217 1455 cui
1240 1389 1440 1456 defendendo

295 1500 422 1587 glossas
459 1497 577 1563 Isidori
614 1497 864 1580 arcessiverunt,
896 1497 1048 1562 Plautum
1083 1501 1169 1562 certe
1202 1519 1268 1564 non
1301 1499 1440 1583 amplius

295 1627 484 1691 sponsorem
500 1604 641 1682 habebit,
661 1607 831 1688 postquam
852 1603 994 1688 vulgaris
1014 1605 1195 1668 incolumem
1213 1603 1320 1669 forma
1334 1627 1362 1668 v.
1378 1605 1441 1670 743
1520 1587 1523 1594 Δ

295 1736 334 1779 ex
357 1713 390 1778 A
412 1711 540 1797 prodiit.
587 1711 640 1776 Ita
667 1711 831 1776 conculta
857 1733 887 1776 r.
911 1711 991 1795 364,
1019 1709 1105 1796 quod
1134 1710 1268 1796 ancipiti
1292 1712 1441 1777 similitu·

277 1820 370 1888 ‚dine
399 1819 531 1884 illorum
559 1840 641 1903 quae
665 1823 741 1883 sunt
764 1819 915 1902 nefastus,
937 1819 1092 1903 refermus,
1119 1819 1273 1900 nefandus
1295 1818 1441 1884 defende·

295 1930 386 2010 runt,
414 1924 676 2011 expeditissimae
703 1925 770 1990 iam
797 1925 975 2009 scripturae
1003 1947 1066 1990 non
1094 1926 1192 1990 multu
1224 1924 1330 1992 cessit.
1374 1925 1443 1990 Ncc

295 2033 395 2098 leand
416 2031 595 2116 particulae
614 2031 681 2098 vim
704 2031 896 2116 prohibendi
920 2032 954 2096 in
976 2036 1141 2116 posterum
1166 2054 1278 2096 versus
1302 2031 1364 2097 651
1390 2033 1442 2096 fir-

296 2139 412 2222 mabit,
440 2138 511 2224 ipso
539 2160 577 2204 nc
603 2160 661 2222 pro
684 2139 770 2204 baud
795 2139 973 2205 substituto
1001 2140 1036 2204 in
1059 2140 1091 2204 A
1113 2139 1322 2204 emaculatus.
1366 2138 1442 2204 Non

296 2251 458 2333 repugnat
476 2245 597 2312 rationi
611 2246 885 2331 frequentativum
902 2247 1035 2313 verbum
1054 2247 1247 2330 largituri,
1265 2268 1324 2312 nec
1339 2249 1442 2312 metro

296 2355 458 2438 repugnat
484 2373 579 2416 versu
609 2352 687 2436 742,
715 2352 770 2416 sed
800 2353 982 2437 exemplum
1010 2356 1139 2437 praeter
1161 2352 1223 2419 hoc
1246 2352 1353 2438 ipsum
1376 2375 1443 2418 non

296 2458 411 2524 habeti
433 2457 488 2523 ubi
513 2481 585 2524 cnm
610 2459 746 2544 simplex
771 2460 883 2542 largiri
906 2460 1039 2525 verbum
1058 2461 1090 2524 A
1108 2463 1256 2543 testetur,
1279 2459 1359 2524 illud
1377 2482 1442 2526 non

297 2565 417 2650 poterit
439 2586 505 2630 non
527 2588 545 2629 e
568 2566 679 2632 lexicis
703 2568 840 2633 exulare.
887 2566 949 2633 Sed
973 2589 1050 2632 sane
1075 2567 1190 2632 horum
1208 2563 1299 2648 nihil,
1322 2565 1444 2650 absque

298 2672 515 2738 Ambrosiano
538 2677 632 2757 esset,
656 2673 706 2738 vel
730 2673 866 2740 inveniri
890 2674 1074 2740 coniectura
1096 2677 1248 2757 potuerat
1266 2673 1316 2738 vel
1335 2671 1441 2736 iuven·

300 2784 370 2846 tum
394 2780 505 2864 reponi
529 2779 694 2846 debuerat.

764 3083 876 3130 csevr
900 3064 972 3131 VII.

387 3207 597 3273 llnucleatius
621 3207 774 3273 vitiorum
798 3229 929 3274 caussas
953 3212 986 3273 et
1009 3229 1129 3294 genera
1152 3211 1340 3292 persecutus
1364 3228 1446 3290 sum,

301 3336 364 3399 quo
388 3313 559 3379 certiorem
583 3313 663 3378 mihi
687 3313 772 3380 viam
796 3315 835 3380 ad
860 3337 948 3380 meas
967 3313 1159 3381 emendandi
1178 3315 1319 3380 rationes
1338 3317 1445 3380 tutan-

300 3421 357 3486 das
386 3420 718 3505 commendandasque
747 3422 913 3487 mimirem.
959 3420 1036 3486 Non
1063 3425 1114 3485 est
1139 3419 1224 3485 enim
1252 3419 1280 3485 is
1309 3419 1447 3505 scriptor

301 3527 450 3611 Plautus,
479 3549 543 3612 quo
573 3549 646 3592 cum
677 3550 728 3612 ea,
761 3551 843 3613 quae
873 3529 975 3594 tantis
1007 3527 1104 3593 hodie
1131 3525 1281 3594 laudibus
1310 3528 1446 3596 mactari

208 3669 286 3713 „m
303 3632 395 3716 solet,
417 3633 573 3719 religione
593 3634 634 3699 ad
653 3635 798 3720 ipsorum
817 3635 962 3702 codicum
985 3636 1081 3701 fidem
1104 3635 1307 3701 conformato
1330 3634 1446 3700 fecisse

302 3761 417 3824 operae
441 3739 581 3823 pretinm
604 3741 741 3808 videare.
787 3742 959 3809 Praeterea
983 3742 1088 3809 fateor
1109 3745 1254 3830 ingenita
1276 3741 1385 3808 indole
1407 3762 1446 3806 eo

301 3847 446 3914 animum
470 3868 578 3913 meum
602 3846 685 3932 duci,
710 3852 746 3914 ut
767 3849 877 3934 paullo
898 3849 1045 3915 uberiore
1064 3849 1302 3916 commentandi
1321 3868 1447 3934 genere,

302 3977 400 4041 quam
423 3977 487 4040 quo
510 3976 593 4039 opus
616 3954 736 4020 habere
760 3955 929 4040 peritiores
954 3955 1136 4038 videantur,
1164 3956 1293 4022 illorum
1315 3955 1446 4041 potissi-

301 4085 391 4128 mum
418 4061 530 4128 usibus
558 4063 739 4146 consulam,
772 4062 827 4147 qui
856 4084 926 4128 sese
954 4063 1077 4146 fingere
1105 4062 1145 4128 ad
1172 4062 1257 4128 hane
1285 4068 1388 4128 artem
1416 4067 1449 4128 et

303 4169 507 4255 disciplinam
536 4170 677 4255 cupiunt.
723 4170 828 4256 Igitur
855 4191 937 4254 quae
966 4173 1000 4234 et
1031 4170 1141 4254 qualia
1170 4169 1251 4234 uitia
1281 4192 1353 4236 cum
1385 4170 1448 4237 OD

303 4281 483 4361 traxerunt,
512 4277 640 4342 sublata
666 4297 705 4340 ea
732 4277 766 4341 in
788 4274 832 4360 B,
858 4279 929 4340 tum
952 4273 986 4340 B
1014 4276 1064 4340 vel
1093 4275 1181 4340 solus
1209 4275 1260 4340 vel
1288 4297 1361 4340 cnm
1386 4275 1448 4340 OD

303 4384 405 4448 traxit
431 4383 560 4448 sublata
587 4381 621 4447 in
649 4383 695 4460 A,
722 4387 793 4447 tum
821 4382 885 4446 sibi
912 4379 1045 4467 propria
1068 4382 1100 4446 A
1123 4381 1223 4446 habet
1244 4402 1309 4445 non
1330 4403 1448 4466 propa·

304 4492 383 4575 gata
409 4489 443 4553 in
466 4488 499 4554 B
522 4489 573 4555 vel
596 4488 708 4574 BOD,
735 4488 847 4554 eadem
870 4493 904 4555 et
927 4487 1046 4554 similia
1068 4492 1223 4555 noatmne
1246 4486 1315 4554 iure
1339 4488 1447 4554 existi·
