3338 5072
555 411 820 460 auuunarrours
843 413 1051 464 susurrare..
1314 402 1379 464 313

235 553 475 639 Antverpiense
495 553 572 620 anni
592 571 778 639 oloronxvl,
802 555 887 640 quod
906 556 1071 643 signatum
1091 563 1141 623 est
1154 559 1251 626 XXI.
1266 561 1380 626 Burm.

233 661 277 725 1).
299 665 341 725 2:
369 658 521 724 Salmasii
551 661 807 747 emendationes,
835 683 971 747 quarum
1000 686 1077 747 pars
1105 667 1171 732 iam
1200 689 1218 730 a
1246 665 1380 733 Batavis

235 767 412 833 editoribus
441 765 629 832 Boxhomio
654 772 687 833 et
709 766 875 834 Gronovio
904 776 1156 839 commemorata
1184 779 1246 857 est,
1275 773 1380 839 Teub-

234 873 384 940 manniae
402 875 525 958 primae
549 876 731 957 exemplum
746 875 823 941 XX.
841 877 884 942 B.
899 897 924 942 ο.
943 883 1016 943 174.
1041 875 1248 966 Scaligerana
1271 885 1380 947 autem

236 1001 253 1045 e
277 985 432 1067 quattuor
452 981 599 1046 fontibus
623 981 716 1066 petii:
739 983 971 1065 praestiterunt
994 985 1081 1050 enim
1100 1007 1138 1050 ea
1156 981 1296 1070 primum
1316 988 1380 1053 duo

233 1088 290 1154 illa
314 1087 473 1172 exempla,
497 1109 634 1172 quorum
658 1088 693 1153 in
715 1087 866 1175 Parergis
889 1113 920 1174 p.
943 1091 1065 1176 575sq.
1090 1092 1287 1158 mentionem
1310 1094 1380 1176 feci,

234 1194 372 1260 alterum
405 1195 483 1259 item
515 1194 752 1280 Antverpiense
785 1195 928 1262 eiusdem
958 1199 1047 1282 anni,
1083 1199 1248 1284 signatum
1276 1200 1380 1267 XIII.

233 1301 276 1366 D.
298 1305 374 1385 204,
397 1301 537 1366 alterum
560 1299 748 1366 Basileense
772 1323 810 1367 ex
834 1302 975 1368 editione
999 1294 1175 1370 camerarii
1195 1329 1215 1370 a
1232 1305 1380 1372 Fabricio

233 1407 365 1490 iterata,
394 1410 505 1472 notem
534 1406 658 1473 habens
686 1408 791 1473 XIII.
817 1408 851 1474 0.
878 1413 964 1474 244:
992 1412 1128 1477 secessit
1156 1411 1313 1478 Leidense
1341 1437 1379 1478 ex

234 1513 418 1579 recensione
437 1513 579 1580 Dousica
597 1515 674 1580 anni
694 1531 932 1600 elmonxxxlx,
955 1517 1034 1583 olim
1053 1518 1189 1584 Adriani
1209 1517 1381 1604 Francisci,

233 1646 318 1689 nuno
345 1621 450 1688 XIII.
473 1621 516 1686 D.
539 1627 612 1705 203,
640 1643 713 1686 cum
741 1622 879 1688 aliorum
907 1626 944 1688 ut
970 1623 1097 1690 videtur
1124 1628 1194 1691 tum
1223 1623 1379 1712 Scaligeri

233 1730 462 1812 correctiones,
489 1728 545 1793 sed
574 1751 629 1794 eas
658 1751 793 1814 paucas,
821 1730 979 1816 ascriptas
1008 1731 1140 1797 habens.
1186 1733 1247 1798 His
1271 1739 1380 1800 eutem

231 1836 338 1920 libris,
366 1857 447 1921 quos
471 1857 545 1900 rara
568 1836 763 1901 liberalitate
788 1837 959 1904 clarissimi
989 1837 1195 1925 eiusdemque
1219 1841 1380 1906 carissimi

232 1942 353 2008 lucoffl
376 1941 499 2007 Garun
522 1943 642 2027 partim
666 1941 754 2008 domi
777 1943 927 2022 tractavi,
951 1945 1071 2029 partim
1093 1943 1211 2011 leidae
1235 1948 1287 2012 vel
1310 1948 1379 2032 ipse

233 2050 376 2133 excerpsi
404 2050 457 2114 vel
484 2049 590 2114 amica
617 2071 695 2114 cura
727 2048 814 2114 docti
840 2049 967 2116 iuvenis
996 2051 1135 2138 Eugenii
1163 2051 1301 2118 Mehleri
1330 2075 1379 2118 ex·

232 2160 361 2240 carptos
380 2156 498 2241 accepi,
521 2156 676 2242 largiores
696 2156 794 2222 etiam
815 2158 925 2242 copias
944 2155 1178 2243 Scaligeranas,
1198 2160 1378 2245 exegeticus

233 2263 363 2349 quidem
386 2263 420 2328 in
445 2283 557 2328 omnes
580 2262 778 2346 comoedias,
805 2264 935 2330 criticas
959 2265 994 2329 in
1017 2265 1204 2350 plerasque,
1231 2267 1378 2333 novicius

233 2359 331 2436 obdex
361 2391 421 2436 ms.
448 2369 537 2436 8185
568 2369 800 2454 bybliothecae
827 2369 951 2457 Regiae
973 2373 1138 2457 praebuit,
1171 2374 1261 2439 cuius
1293 2396 1379 2441 nunc

234 2477 417 2561 exemplum
435 2497 615 2561 propensae
629 2477 664 2541 in
678 2498 730 2542 me
744 2477 905 2542 voluntati
919 2477 1081 2545 Theodori
1096 2479 1249 2545 Presselii
1268 2480 1378 2548 debeo.

233 2582 436 2668 Quamquam
466 2582 504 2648 de
529 2581 685 2670 Scaligcri
709 2584 876 2649 subitariis
904 2585 989 2650 curis
1017 2586 1087 2651 noli
1114 2591 1301 2671 exspectare
1331 2589 1378 2653 ni·

232 2690 346 2754 mium:
366 2712 461 2775 quem
479 2690 612 2756 honoris
631 2713 747 2756 caussa
764 2691 930 2775 aliquanto
945 2691 1073 2775 saepius
1087 2693 1262 2780 nominavi,
1281 2717 1377 2779 quam

232 2797 358 2862 illarum
384 2797 530 2883 ingenita
553 2797 679 2863 indoles
702 2798 861 2884 exigebat.

321 2903 371 2969 Ad
404 2903 542 2968 editores
575 2909 613 2970 ut
641 2905 784 2984 redeam,
816 2905 864 2969 uti
895 2909 969 2970 ante
999 2906 1128 2972 criticos
1158 2907 1234 2973 illos
1265 2931 1376 2974 omnes

232 3011 382 3096 Dionysii
401 3009 562 3095 Lasiam,
586 3011 633 3076 ita
656 3013 731 3094 post
754 3032 809 3077 eos
832 3033 988 3096 perquam
1010 3013 1431 3080 tumultuarialo.Fri-1.v

231 3117 329 3182 derici
353 3115 527 3183 Gnouovrr
551 3137 650 3200 opera
672 3117 748 3197 fuit,
777 3118 867 3184 cuius
890 3119 1068 3204 recognitio
1096 3120 1238 3202 eupator
1260 3141 1377 3187 nomen

231 3224 366 3288 invenit.
401 3223 586 3310 nequibas
606 3247 662 3290 cur
682 3227 731 3290 ita
745 3225 948 3292 sentiendum
963 3226 1014 3309 sit,
1029 3227 1109 3291 setis
1125 3227 1257 3310 exposui
1273 3227 1294 3294 l.
1308 3251 1332 3294 s.
1352 3251 1377 3294 s.

232 3353 261 3414 p.
281 3330 343 3396 527
362 3333 503 3413 [=lll]
515 3353 583 3416 sqq.
603 3331 668 3397 563
685 3333 826 3414 [=155]
837 3355 906 3417 sqq.
929 3332 980 3397 Ex
994 3333 1128 3418 reliquis
1143 3333 1288 3398 criticam
1303 3356 1376 3420 ope·

231 3458 301 3500 ram
314 3435 432 3503 Plauto
447 3459 583 3523 eamque
601 3459 667 3503 non
685 3460 750 3503 una
773 3439 811 3503 de
835 3459 950 3504 caussa
972 3439 1215 3504 memorabilem
1233 3439 1296 3505 duo
1316 3442 1377 3506 soli

231 3541 605 3627 naveruntl'ranciscus
630 3543 792 3610 Gvrnrva
817 3549 850 3608 et
871 3543 1143 3612 F.H.B0r111vs
1168 3551 1307 3631 nostras,
1329 3549 1376 3613 in·

231 3649 317 3735 genii
337 3652 370 3714 et
388 3671 449 3714 usu
468 3653 500 3714 et
514 3648 617 3716 abusu
632 3651 762 3717 similes.
799 3649 848 3716 De
863 3653 979 3736 quibus
994 3675 1058 3718 non
1073 3651 1278 3739 dubito‘quin
1297 3655 1378 3721 satis

229 3756 407 3824 honorifice
432 3779 583 3822 sensurus
607 3759 662 3843 sit,
690 3759 746 3845 qui
774 3782 812 3824 ex
841 3760 1062 3825 annotationis
1090 3764 1216 3826 tentum
1246 3769 1377 3828 nostrae

231 3863 425 3930 testimoniis
449 3863 601 3929 iudicium
625 3865 738 3931 faeiat:
761 3869 829 3930 tam
852 3866 903 3930 vel
927 3865 1066 3931 feliciter
1088 3867 1219 3932 inventa
1238 3869 1290 3932 rel
1314 3870 1376 3933 sol-

230 3970 330 4036 lerter
353 3971 536 4056 excogitata
559 3972 599 4037 ad
618 3972 693 4037 illos
712 3971 823 4038 referri
843 3971 962 4038 viderit
980 3995 1046 4038 non
1065 3971 1146 4038 adeo
1165 3995 1278 4057 pauca.
1315 3973 1377 4040 Sed

231 4077 405 4142 eorundem
434 4076 648 4162 reputandum
679 4083 730 4144 est
755 4079 850 4164 longe
878 4078 972 4162 plura
999 4081 1181 4143 commenta
1207 4079 1301 4144 nobis
1330 4085 1377 4145 ta·

231 4183 330 4250 cenda
358 4183 470 4268 fuisse,
499 4184 615 4268 quibus
639 4206 735 4270 saepe
759 4185 954 4268 temerariis,
982 4205 1078 4268 saepe
1101 4185 1275 4270 imperitis,
1297 4208 1376 4252 uon·

230 4311 409 4374 numquam
432 4290 664 4358 incredibiliter
686 4292 846 4376 peruersis
875 4295 971 4375 atquc
1001 4289 1080 4355 adeo
1108 4293 1305 4374 portentosis
1337 4329 1374 4340 -

230 4419 296 4464 non
325 4421 458 4482 possum
489 4397 576 4463 enim
606 4398 794 4464 clementius
828 4396 967 4462 iudicare
1002 4432 1038 4441 -
1072 4396 1192 4462 bonum
1225 4397 1377 4464 Plautum

231 4505 525 4572 commacularunt:
552 4509 621 4571 tam
644 4505 727 4570 miro
750 4504 801 4570 illi
823 4507 1079 4588 temperamento
1103 4527 1183 4570 sana
1211 4504 1376 4572 futtilibus
