3338 5072
264 375 331 442 294
553 389 817 442 rnonnoonnnn
840 389 888 438 na
911 389 1124 439 anmonmvs

263 536 418 621 potuisse.
446 534 570 601 Contra
592 534 765 621 diligenter
788 533 1025 620 annotavimus,
1048 534 1076 599 si
1100 555 1181 619 quae
1205 534 1239 600 in
1259 556 1410 600 versuum

265 641 471 708 distinctione
490 641 589 707 codex
609 640 789 726 singularia
808 641 958 707 haberet:
982 662 1062 727 quos
1085 641 1141 706 ille
1159 641 1359 727 plerumque,
1382 643 1411 708 si

265 773 285 816 a
307 748 443 816 canticis
466 748 651 832 recesseris,
680 751 765 814 recte
789 747 963 832 discriptos
986 748 1144 835 servavit,
1172 754 1204 814 et
1228 753 1278 835 nt,
1307 741 1426 816 sicubi'

264 857 333 922 bini
364 857 398 921 in
431 877 530 921 unum
565 856 724 920 contracti
758 859 847 939 sunt,
880 876 975 939 saepe
1007 855 1137 940 pristini
1166 857 1287 923 ordinis
1315 857 1410 922 index

265 963 494 1049 grandiuscula
521 962 633 1027 littera
662 963 696 1027 in
720 960 827 1029 medio
851 985 945 1028 versu
969 963 1082 1028 relicta
1105 963 1160 1029 sit:
1194 964 1232 1029 de
1256 986 1319 1050 quo
1343 965 1409 1031 dixi

264 1069 430 1154 Parergon
443 1091 474 1153 p.
487 1069 562 1136 439.
585 1068 802 1136 Personarum
821 1069 909 1135 notis
928 1070 956 1134 is
975 1069 1083 1154 codex,
1107 1092 1124 1135 e
1143 1093 1206 1156 quo
1220 1071 1273 1138 hic
1287 1072 1411 1159 ductus,

264 1177 300 1242 in
318 1177 390 1261 ipsa
408 1198 594 1242 sermonum
613 1176 827 1242 continuitate
850 1177 975 1263 graecis
994 1177 1112 1242 litteris
1132 1179 1292 1263 utebatur,
1314 1180 1410 1264 plano

266 1289 303 1348 nt
334 1284 369 1348 in
395 1281 554 1349 Bembino
587 1285 671 1349 libro
699 1283 844 1350 Terentii
876 1284 1009 1350 iactum.
1053 1283 1134 1350 Eius
1166 1285 1410 1351 consuetudinis

265 1390 361 1456 modo
389 1391 485 1475 plura
513 1390 609 1456 modo
638 1391 791 1474 pauciora
814 1391 955 1476 vestigia
977 1391 1012 1455 B
1035 1391 1179 1456 servavit
1200 1390 1235 1456 in
1258 1392 1412 1478 Poenulo,

264 1497 442 1582 Pseudulo,
470 1495 680 1580 Truculento,
708 1497 807 1562 stiam
830 1498 864 1563 in
886 1497 1118 1583 Bacchidibus,
1150 1496 1183 1562 id
1208 1497 1293 1582 quod
1314 1499 1411 1584 tetigi

184 1629 252 1669 xxx
266 1602 371 1669 Musei
407 1603 513 1668 nostri
549 1603 660 1688 philol.
697 1602 790 1669 tIV
822 1625 853 1688 p.
876 1604 942 1670 355
958 1627 1004 1689 sq.
1039 1607 1095 1686 [=
1119 1603 1237 1688 Opuso.
1268 1603 1346 1688 phil.
1377 1605 1410 1671 ΙΙ

263 1732 294 1795 p.
308 1711 461 1795 294sq.]:
486 1710 542 1774 sed
566 1714 754 1776 constanter
777 1710 863 1777 idem
887 1733 957 1776 mos
981 1733 1038 1796 per
1061 1712 1166 1796 ipsam
1183 1711 1410 1778 Trinummnm

264 1817 416 1903 pertinet
462 1815 502 1880 In
525 1838 590 1901 qua
611 1817 882 1901 quomadmodum
906 1821 932 1884 Α
954 1818 1066 1883 littera
1095 1840 1167 1884 cum
1191 1818 1411 1904 Megaronidis

262 1929 332 1990 tum
355 1922 529 2007 Philtonis,
554 1925 710 1990 ΒΕΖΘΚΧ
730 1923 849 1990 litteris
865 1922 1021 2005 Calliclis,
1044 1924 1208 2009 Lysitelis,
1232 1925 1412 2012 Lesbonici,

264 2029 460 2113 Charmidis,
493 2028 641 2115 Stasimi,
673 2028 901 2116 Sycophantac
933 2051 1091 2116 personae
1123 2017 1332 2119 notantur*),
1363 2035 1412 2100 ita

264 2159 346 2222 quae
374 2139 540 2221 postrema
567 2158 707 2222 persona
736 2139 847 2223 prodit
869 2139 1019 2204 Pacata
1046 2138 1201 2224 recitans,
1228 2141 1306 2206 item
1337 2163 1410 2225 pos·

263 2247 368 2308 trema
390 2243 511 2328 littera,
533 2266 616 2330 quae
641 2248 691 2309 est
715 2244 806 2309 ilvel
825 2265 863 2331 ω,
885 2266 958 2310 cum
983 2245 1018 2310 in
1040 2244 1192 2312 Terentio
1217 2251 1413 2332 constanter,

263 2354 334 2417 tum
362 2351 424 2416 hoc
454 2371 519 2414 uno
549 2350 621 2416 loco
650 2350 683 2415 in
708 2349 869 2416 Plautinis
893 2352 987 2416 libris
1012 2351 1197 2437 significato
1221 2357 1279 2418 est.
1325 2351 1411 2420 Hinc

264 2456 458 2541 perspicitur
482 2456 632 2521 subtilius
656 2478 755 2540 quam
777 2458 884 2522 verius
907 2457 1091 2522 Bentlcium
1115 2457 1148 2522 in
1163 2457 1263 2524 Andr.
1277 2457 1357 2545 V‚6,
1370 2461 1408 2525 17

263 2563 354 2628 illam
382 2583 409 2627 ω
436 2565 550 2628 notam
573 2563 748 2629 coniecisse
772 2587 789 2628 e
813 2562 880 2630 CA.
903 2563 1023 2629 litteris
1046 2567 1152 2630 ortam
1176 2585 1261 2650 esse,
1293 2566 1411 2651 quibua

264 2667 443 2735 CANTOR
474 2689 592 2735 nomen
624 2669 871 2756 significaretur.
916 2671 1039 2738 Verum
1076 2671 1210 2736 eandem
1247 2673 1331 2757 quod
1368 2674 1409 2740 ad

264 2775 406 2842 cantoris
435 2796 609 2858 porsonam
632 2775 771 2842 Horatio
802 2777 882 2842 duce
905 2777 1046 2863 rettulit,
1078 2777 1111 2842 id
1135 2799 1208 2843 cum
1235 2784 1314 2864 puto
1342 2783 1411 2845 tam

264 2887 351 2949 recte
375 2882 504 2968 vidisse,
527 2886 653 2949 utnon
676 2884 854 2950 dubitarim
877 2882 1055 2950 OANTOR
1080 2907 1198 2951 nomen
1222 2886 1411 2954 adscribere.

264 2988 326 3057 Cui
349 2989 528 3055 sententiae
552 2990 792 3056 confirmandae
815 3013 882 3056 non
904 2991 1107 3058 incommode
1126 2991 1334 3059 adhibebitur
1355 3016 1411 3060 no-

263 3097 377 3162 tabilis
401 3097 559 3162 momoria
577 3097 774 3180 optimorum
793 3097 952 3163 librorum
975 3097 1010 3162 in
1029 3098 1118 3164 exitu
1132 3098 1250 3163 Persae
1269 3099 1409 3183 fabulae,

266 3203 321 3288 qui
349 3203 404 3268 hic
436 3208 486 3268 est
515 3203 549 3268 in
574 3203 715 3270 BODE:
745 3205 888 3287 plaudite
911 3207 1034 3288 pantio.
1079 3204 1165 3270 Nam
1192 3205 1226 3271 in
1254 3206 1316 3273 hoc
1345 3230 1411 3274 non

264 3309 357 3376 video
386 3310 462 3394 quid
490 3311 592 3376 latere
620 3311 727 3395 possit
748 3312 813 3376 nisi
837 3310 1010 3378 CANTIO.
1057 3312 1180 3390 Quodsi
1204 3314 1321 3398 cantio,
1346 3336 1410 3399 qua

263 3416 432 3502 prolusum
462 3437 532 3482 esse
555 3416 684 3483 fabulae
708 3419 828 3485 actioni
852 3419 986 3504 scimus,
1019 3419 1153 3484 eandem
1177 3419 1276 3485 etiam
1299 3441 1411 3506 seque

263 3525 375 3608 batur,
397 3522 479 3588 nihil
503 3523 621 3588 mirum
645 3527 696 3589 est
717 3547 738 3589 a
760 3525 939 3608 prodeunte
962 3530 1038 3610 post
1060 3532 1208 3593 actorum
1232 3525 1410 3592 discessum

265 3634 397 3695 cantore
421 3629 520 3694 etiam
542 3629 686 3712 ptastdite
713 3631 795 3696 illud
818 3633 869 3698 vel
892 3633 991 3698 cratete
1012 3639 1041 3699 et
1058 3635 1199 3717 placidite
1222 3633 1410 3718 pronuntia·

264 3740 335 3802 tum
359 3757 437 3801 esso.
483 3733 549 3802 Sua
572 3741 688 3822 sponte
712 3743 848 3824 apparet
871 3740 1034 3824 disparem
1058 3763 1128 3808 essa
1152 3763 1263 3806 earnm
1286 3740 1410 3806 fabula·

263 3864 336 3908 rum
368 3841 542 3926 rationem,
575 3865 658 3928 quae
690 3845 910 3929 compluribus
943 3845 1092 3912 versibus
1124 3848 1339 3914 terminantur
1368 3847 1410 3914 ab

265 3951 337 4036 ipso
361 3954 555 4036 argumento
578 3951 704 4017 alienis.
744 3951 784 4016 In
807 3973 870 4037 quo
895 3973 1013 4038 genere
1037 3957 1192 4038 quattuor
1215 3958 1342 4020 tantum
1365 3955 1411 4020 in·

264 4057 455 4142 scriptiones
478 4057 513 4121 B
542 4057 697 4122 servavit:
735 4057 854 4124 GREX
882 4059 917 4124 in
940 4059 1107 4147 Asinaria,
1144 4060 1353 4129 onTnnvA
1374 4063 1411 4128 in

264 4161 409 4248 Captivis
433 4167 467 4228 et
489 4162 688 4249 Cistellaria,
711 4163 854 4232 POETA
876 4166 912 4230 in
934 4165 1080 4251 Epidico.

352 4496 378 4567 ⁸)
398 4497 453 4569 [Oi.
471 4497 560 4568 praef.
579 4497 645 4556 edit
665 4498 715 4554 alt.
734 4516 762 4569 p.
781 4499 830 4554 LV
840 4500 893 4570 sq.]
927 4433 937 4460 ¹
