<?xml version="1.0" encoding="UTF-8"?>
<!DOCTYPE html PUBLIC "-//W3C//DTD XHTML 1.0 Transitional//EN"
    "http://www.w3.org/TR/xhtml1/DTD/xhtml1-transitional.dtd">
<html xmlns="http://www.w3.org/1999/xhtml" xml:lang="en" lang="en">
 <head>
  <title>
</title>
<meta http-equiv="Content-Type" content="text/html;charset=utf-8" />
  <meta name='ocr-system' content='tesseract 3.04.00' />
  <meta name='ocr-capabilities' content='ocr_page ocr_carea ocr_par ocr_line ocrx_word'/>
</head>
<body>
  <div class='ocr_page' id='page_1' title='image "./fridericiritsch07wachgoog_0081.png"; bbox 0 0 3266 5070; ppageno 0'>
   <div class='ocr_carea' id='block_1_1' title="bbox 290 359 1117 423">
    <p class='ocr_par' dir='ltr' id='par_1_1' title="bbox 290 359 1117 423">
     <span class='ocr_line' id='line_1_1' title="bbox 290 359 1117 423; baseline -0.002 -1"><span class='ocrx_word' id='word_1_1' title='bbox 290 359 333 422; x_wconf 77' lang='lat'><strong>64</strong></span> <span class='ocrx_word' id='word_1_2' title='bbox 609 375 690 422; x_wconf 80' lang='lat' dir='ltr'><strong>vars</strong></span> <span class='ocrx_word' id='word_1_3' title='bbox 715 375 864 422; x_wconf 60' lang='lat' dir='ltr'><strong>ursanus</strong></span> <span class='ocrx_word' id='word_1_4' title='bbox 887 375 950 423; x_wconf 73' lang='lat' dir='ltr'><strong>aas</strong></span> <span class='ocrx_word' id='word_1_5' title='bbox 974 373 1117 423; x_wconf 77' lang='lat' dir='ltr'><strong>noeane</strong></span> 
     </span>
    </p>
   </div>
   <div class='ocr_carea' id='block_1_2' title="bbox 620 585 1105 642">
    <p class='ocr_par' dir='ltr' id='par_1_2' title="bbox 620 585 1105 642">
     <span class='ocr_line' id='line_1_2' title="bbox 620 585 1105 642; baseline -0.002 -2"><span class='ocrx_word' id='word_1_6' title='bbox 620 585 823 642; x_wconf 80' lang='lat' dir='ltr'>EPISTOLAE</span> <span class='ocrx_word' id='word_1_7' title='bbox 843 586 920 642; x_wconf 85' lang='lat' dir='ltr'><strong>VlTl</strong></span> <span class='ocrx_word' id='word_1_8' title='bbox 939 585 1105 641; x_wconf 80' lang='lat' dir='ltr'><strong>BERLERI.</strong></span> 
     </span>
    </p>
   </div>
   <div class='ocr_carea' id='block_1_3' title="bbox 332 720 1385 889">
    <p class='ocr_par' dir='ltr' id='par_1_3' title="bbox 332 720 1385 889">
     <span class='ocr_line' id='line_1_3' title="bbox 851 720 874 767; baseline -0.043 0"><span class='ocrx_word' id='word_1_9' title='bbox 851 720 874 767; x_wconf 90' lang='lat'><strong>1.</strong></span> 
     </span>
     <span class='ocr_line' id='line_1_4' title="bbox 332 814 1385 889; baseline 0.001 -20"><span class='ocrx_word' id='word_1_10' title='bbox 332 816 383 885; x_wconf 91' lang='lat' dir='ltr'><strong>(De</strong></span> <span class='ocrx_word' id='word_1_11' title='bbox 401 817 536 873; x_wconf 90' lang='lat' dir='ltr'><strong>Italorum</strong></span> <span class='ocrx_word' id='word_1_12' title='bbox 555 817 677 889; x_wconf 78' lang='lat' dir='ltr'><strong>ingeniis</strong></span> <span class='ocrx_word' id='word_1_13' title='bbox 695 822 725 874; x_wconf 89' lang='lat' dir='ltr'><strong>et</strong></span> <span class='ocrx_word' id='word_1_14' title='bbox 742 819 842 875; x_wconf 88' lang='lat' dir='ltr'><strong>studiis</strong></span> <span class='ocrx_word' id='word_1_15' title='bbox 865 837 899 874; x_wconf 89' lang='lat' dir='ltr'><strong>ac</strong></span> <span class='ocrx_word' id='word_1_16' title='bbox 917 818 1067 889; x_wconf 89' lang='lat' dir='ltr'><strong>praecipue</strong></span> <span class='ocrx_word' id='word_1_17' title='bbox 1086 815 1121 872; x_wconf 89' lang='lat' dir='ltr'><strong>de</strong></span> <span class='ocrx_word' id='word_1_18' title='bbox 1139 816 1221 886; x_wconf 89' lang='lat' dir='ltr'><strong>Bapt.</strong></span> <span class='ocrx_word' id='word_1_19' title='bbox 1240 814 1385 885; x_wconf 78' lang='lat' dir='ltr'><strong>Egnatio.)</strong></span> 
     </span>
    </p>
   </div>
   <div class='ocr_carea' id='block_1_4' title="bbox 237 923 1443 4550">
    <p class='ocr_par' dir='ltr' id='par_1_4' title="bbox 237 923 1443 4550">
     <span class='ocr_line' id='line_1_5' title="bbox 237 923 1434 1002; baseline -0.005 -20"><span class='ocrx_word' id='word_1_20' title='bbox 237 944 277 983; x_wconf 81' lang='lat' dir='ltr'><strong>aar</strong></span> <span class='ocrx_word' id='word_1_21' title='bbox 364 925 390 982; x_wconf 87' lang='lat' dir='ltr'><strong>S.</strong></span> <span class='ocrx_word' id='word_1_22' title='bbox 402 925 434 980; x_wconf 89' lang='lat' dir='ltr'><strong>D.</strong></span> <span class='ocrx_word' id='word_1_23' title='bbox 462 926 601 1002; x_wconf 74' lang='lat' dir='ltr'><strong>Quantam</strong></span> <span class='ocrx_word' id='word_1_24' title='bbox 620 926 760 982; x_wconf 71' lang='lat' dir='ltr'><strong>laetitiam</strong></span> <span class='ocrx_word' id='word_1_25' title='bbox 780 926 825 982; x_wconf 87' lang='lat' dir='ltr'><strong>vel</strong></span> <span class='ocrx_word' id='word_1_26' title='bbox 843 926 936 996; x_wconf 78' lang='lat' dir='ltr'><strong>potius</strong></span> <span class='ocrx_word' id='word_1_27' title='bbox 956 926 1131 995; x_wconf 82' lang='lat' dir='ltr'><strong>voluptatem</strong></span> <span class='ocrx_word' id='word_1_28' title='bbox 1151 923 1262 978; x_wconf 77' lang='lat' dir='ltr'><strong>litterae</strong></span> <span class='ocrx_word' id='word_1_29' title='bbox 1281 923 1351 978; x_wconf 89' lang='lat' dir='ltr'><strong>mihi</strong></span> <span class='ocrx_word' id='word_1_30' title='bbox 1368 925 1434 978; x_wconf 86' lang='lat' dir='ltr'><strong>tuac</strong></span> 
     </span>
     <span class='ocr_line' id='line_1_6' title="bbox 291 1010 1434 1083; baseline -0.002 -15"><span class='ocrx_word' id='word_1_31' title='bbox 291 1013 445 1082; x_wconf 70' lang='lat' dir='ltr'><strong>attulerint,</strong></span> <span class='ocrx_word' id='word_1_32' title='bbox 468 1015 607 1070; x_wconf 89' lang='lat' dir='ltr'><strong>Bilibalde</strong></span> <span class='ocrx_word' id='word_1_33' title='bbox 625 1017 669 1071; x_wconf 85' lang='lat' dir='ltr'><strong>vir</strong></span> <span class='ocrx_word' id='word_1_34' title='bbox 693 1015 854 1083; x_wconf 88' lang='lat' dir='ltr'><strong>clarissime,</strong></span> <span class='ocrx_word' id='word_1_35' title='bbox 873 1016 977 1070; x_wconf 86' lang='lat' dir='ltr'><strong>tacitus</strong></span> <span class='ocrx_word' id='word_1_36' title='bbox 996 1030 1105 1069; x_wconf 91' lang='lat' dir='ltr'><strong>mecum</strong></span> <span class='ocrx_word' id='word_1_37' title='bbox 1125 1010 1219 1082; x_wconf 74' lang='lat' dir='ltr'><strong>cogito</strong></span> <span class='ocrx_word' id='word_1_38' title='bbox 1239 1013 1434 1083; x_wconf 87' lang='lat' dir='ltr'><strong>potiusquam</strong></span> 
     </span>
     <span class='ocr_line' id='line_1_7' title="bbox 291 1101 1433 1172; baseline -0.004 -14"><span class='ocrx_word' id='word_1_39' title='bbox 291 1107 323 1158; x_wconf 92' lang='lat' dir='ltr'><strong>ut</strong></span> <span class='ocrx_word' id='word_1_40' title='bbox 341 1101 479 1172; x_wconf 90' lang='lat' dir='ltr'><strong>scripturo</strong></span> <span class='ocrx_word' id='word_1_41' title='bbox 500 1105 570 1159; x_wconf 87' lang='lat' dir='ltr'><strong>mihi</strong></span> <span class='ocrx_word' id='word_1_42' title='bbox 589 1105 674 1159; x_wconf 85' lang='lat' dir='ltr'><strong>rerba</strong></span> <span class='ocrx_word' id='word_1_43' title='bbox 692 1122 765 1159; x_wconf 89' lang='lat' dir='ltr'><strong>nuuc</strong></span> <span class='ocrx_word' id='word_1_44' title='bbox 785 1102 972 1163; x_wconf 86' lang='lat' dir='ltr'><strong>succederent.</strong></span> <span class='ocrx_word' id='word_1_45' title='bbox 1004 1103 1041 1157; x_wconf 81' lang='lat' dir='ltr'><strong>lle</strong></span> <span class='ocrx_word' id='word_1_46' title='bbox 1060 1105 1091 1156; x_wconf 91' lang='lat' dir='ltr'><strong>tu</strong></span> <span class='ocrx_word' id='word_1_47' title='bbox 1109 1102 1194 1156; x_wconf 88' lang='lat' dir='ltr'><strong>horno</strong></span> <span class='ocrx_word' id='word_1_48' title='bbox 1214 1104 1289 1157; x_wconf 91' lang='lat' dir='ltr'><strong>certe</strong></span> <span class='ocrx_word' id='word_1_49' title='bbox 1308 1101 1433 1157; x_wconf 89' lang='lat' dir='ltr'><strong>hnmani·</strong></span> 
     </span>
     <span class='ocr_line' id='line_1_8' title="bbox 291 1191 1435 1262; baseline -0.002 -14"><span class='ocrx_word' id='word_1_50' title='bbox 291 1195 350 1248; x_wconf 90' lang='lat' dir='ltr'><strong>tate</strong></span> <span class='ocrx_word' id='word_1_51' title='bbox 369 1191 475 1247; x_wconf 89' lang='lat' dir='ltr'><strong>nemini</strong></span> <span class='ocrx_word' id='word_1_52' title='bbox 493 1193 639 1262; x_wconf 84' lang='lat' dir='ltr'><strong>secundus,</strong></span> <span class='ocrx_word' id='word_1_53' title='bbox 657 1194 734 1262; x_wconf 91' lang='lat' dir='ltr'><strong>quod</strong></span> <span class='ocrx_word' id='word_1_54' title='bbox 752 1194 788 1248; x_wconf 87' lang='lat' dir='ltr'><strong>ad</strong></span> <span class='ocrx_word' id='word_1_55' title='bbox 807 1211 861 1262; x_wconf 91' lang='lat' dir='ltr'><strong>me,</strong></span> <span class='ocrx_word' id='word_1_56' title='bbox 879 1193 947 1247; x_wconf 89' lang='lat' dir='ltr'><strong>licet</strong></span> <span class='ocrx_word' id='word_1_57' title='bbox 965 1193 1049 1262; x_wconf 81' lang='lat' dir='ltr'><strong>longo</strong></span> <span class='ocrx_word' id='word_1_58' title='bbox 1068 1192 1193 1246; x_wconf 90' lang='lat' dir='ltr'><strong>locorum</strong></span> <span class='ocrx_word' id='word_1_59' title='bbox 1213 1191 1304 1261; x_wconf 88' lang='lat' dir='ltr'><strong>spatio</strong></span> <span class='ocrx_word' id='word_1_60' title='bbox 1323 1207 1435 1260; x_wconf 86' lang='lat' dir='ltr'><strong>separa-</strong></span> 
     </span>
     <span class='ocr_line' id='line_1_9' title="bbox 292 1279 1436 1354; baseline -0.002 -18"><span class='ocrx_word' id='word_1_61' title='bbox 292 1285 365 1350; x_wconf 86' lang='lat' dir='ltr'><strong>tum,</strong></span> <span class='ocrx_word' id='word_1_62' title='bbox 390 1281 620 1351; x_wconf 76' lang='lat' dir='ltr'><strong>occupatissimus</strong></span> <span class='ocrx_word' id='word_1_63' title='bbox 644 1282 706 1354; x_wconf 89' lang='lat' dir='ltr'><strong>ipse</strong></span> <span class='ocrx_word' id='word_1_64' title='bbox 724 1283 881 1338; x_wconf 88' lang='lat' dir='ltr'><strong>litterarum</strong></span> <span class='ocrx_word' id='word_1_65' title='bbox 900 1281 1007 1351; x_wconf 90' lang='lat' dir='ltr'><strong>aliquid</strong></span> <span class='ocrx_word' id='word_1_66' title='bbox 1025 1281 1092 1336; x_wconf 88' lang='lat' dir='ltr'><strong>dare</strong></span> <span class='ocrx_word' id='word_1_67' title='bbox 1111 1298 1167 1336; x_wconf 89' lang='lat' dir='ltr'><strong>non</strong></span> <span class='ocrx_word' id='word_1_68' title='bbox 1185 1279 1382 1346; x_wconf 78' lang='lat' dir='ltr'><strong>intermiseris,</strong></span> <span class='ocrx_word' id='word_1_69' title='bbox 1407 1282 1436 1334; x_wconf 91' lang='lat' dir='ltr'><strong>et</strong></span> 
     </span>
     <span class='ocr_line' id='line_1_10' title="bbox 292 1369 1434 1438; baseline -0.002 -14"><span class='ocrx_word' id='word_1_70' title='bbox 292 1371 333 1424; x_wconf 84' lang='lat' dir='ltr'><strong>ita</strong></span> <span class='ocrx_word' id='word_1_71' title='bbox 351 1373 479 1425; x_wconf 83' lang='lat' dir='ltr'><strong>amanter</strong></span> <span class='ocrx_word' id='word_1_72' title='bbox 496 1373 525 1426; x_wconf 87' lang='lat' dir='ltr'><strong>te</strong></span> <span class='ocrx_word' id='word_1_73' title='bbox 544 1371 614 1425; x_wconf 87' lang='lat' dir='ltr'><strong>mihi</strong></span> <span class='ocrx_word' id='word_1_74' title='bbox 633 1389 727 1426; x_wconf 90' lang='lat' dir='ltr'><strong>rursus</strong></span> <span class='ocrx_word' id='word_1_75' title='bbox 745 1369 944 1438; x_wconf 84' lang='lat' dir='ltr'><strong>insinuaveris,</strong></span> <span class='ocrx_word' id='word_1_76' title='bbox 962 1374 996 1425; x_wconf 90' lang='lat' dir='ltr'><strong>ut</strong></span> <span class='ocrx_word' id='word_1_77' title='bbox 1013 1370 1085 1424; x_wconf 89' lang='lat' dir='ltr'><strong>nihil</strong></span> <span class='ocrx_word' id='word_1_78' title='bbox 1103 1369 1139 1424; x_wconf 89' lang='lat' dir='ltr'><strong>ad</strong></span> <span class='ocrx_word' id='word_1_79' title='bbox 1157 1369 1369 1424; x_wconf 84' lang='lat' dir='ltr'><strong>benevolentiae</strong></span> <span class='ocrx_word' id='word_1_80' title='bbox 1388 1385 1434 1422; x_wconf 90' lang='lat' dir='ltr'><strong>cu-</strong></span> 
     </span>
     <span class='ocr_line' id='line_1_11' title="bbox 292 1457 1435 1530; baseline 0 -18"><span class='ocrx_word' id='word_1_81' title='bbox 292 1459 399 1513; x_wconf 87' lang='lat' dir='ltr'><strong>mulum</strong></span> <span class='ocrx_word' id='word_1_82' title='bbox 422 1460 488 1513; x_wconf 86' lang='lat' dir='ltr'><strong>addi</strong></span> <span class='ocrx_word' id='word_1_83' title='bbox 511 1477 593 1530; x_wconf 89' lang='lat' dir='ltr'><strong>posse</strong></span> <span class='ocrx_word' id='word_1_84' title='bbox 617 1459 815 1515; x_wconf 85' lang='lat' dir='ltr'><strong>contenderim.</strong></span> <span class='ocrx_word' id='word_1_85' title='bbox 854 1460 942 1528; x_wconf 75' lang='lat' dir='ltr'><strong>Quae,</strong></span> <span class='ocrx_word' id='word_1_86' title='bbox 962 1459 1113 1526; x_wconf 88' lang='lat' dir='ltr'><strong>Bilibalde,</strong></span> <span class='ocrx_word' id='word_1_87' title='bbox 1137 1457 1190 1512; x_wconf 93' lang='lat' dir='ltr'><strong>tibi</strong></span> <span class='ocrx_word' id='word_1_88' title='bbox 1208 1459 1287 1513; x_wconf 85' lang='lat' dir='ltr'><strong>tanto</strong></span> <span class='ocrx_word' id='word_1_89' title='bbox 1307 1475 1358 1528; x_wconf 89' lang='lat' dir='ltr'><strong>pro</strong></span> <span class='ocrx_word' id='word_1_90' title='bbox 1376 1476 1435 1512; x_wconf 90' lang='lat' dir='ltr'><strong>mu·</strong></span> 
     </span>
     <span class='ocr_line' id='line_1_12' title="bbox 292 1547 1435 1619; baseline -0.003 -16"><span class='ocrx_word' id='word_1_91' title='bbox 292 1563 358 1603; x_wconf 89' lang='lat' dir='ltr'><strong>uere</strong></span> <span class='ocrx_word' id='word_1_92' title='bbox 376 1551 478 1618; x_wconf 85' lang='lat' dir='ltr'><strong>grates,</strong></span> <span class='ocrx_word' id='word_1_93' title='bbox 492 1549 502 1618; x_wconf 76' lang='grc' dir='ltr'><strong>ΙΙ</strong></span> <span class='ocrx_word' id='word_1_94' title='bbox 516 1565 586 1618; x_wconf 88' lang='lat' dir='ltr'><strong>quae</strong></span> <span class='ocrx_word' id='word_1_95' title='bbox 605 1548 718 1603; x_wconf 88' lang='lat' dir='ltr'><strong>reddam</strong></span> <span class='ocrx_word' id='word_1_96' title='bbox 738 1547 845 1603; x_wconf 88' lang='lat' dir='ltr'><strong>meritis</strong></span> <span class='ocrx_word' id='word_1_97' title='bbox 865 1565 989 1619; x_wconf 80' lang='lat' dir='ltr'><strong>congrua</strong></span> <span class='ocrx_word' id='word_1_98' title='bbox 1003 1547 1077 1603; x_wconf 89' lang='lat' dir='ltr'><strong>dona</strong></span> <span class='ocrx_word' id='word_1_99' title='bbox 1093 1547 1168 1602; x_wconf 80' lang='lat' dir='ltr'><strong>tuis?</strong></span> <span class='ocrx_word' id='word_1_100' title='bbox 1187 1547 1228 1602; x_wconf 91' lang='lat' dir='ltr'><strong>De</strong></span> <span class='ocrx_word' id='word_1_101' title='bbox 1242 1547 1377 1603; x_wconf 89' lang='lat' dir='ltr'><strong>Italorum</strong></span> <span class='ocrx_word' id='word_1_102' title='bbox 1394 1547 1435 1600; x_wconf 87' lang='lat' dir='ltr'><strong>in-</strong></span> 
     </span>
     <span class='ocr_line' id='line_1_13' title="bbox 293 1635 1437 1707; baseline -0.003 -15"><span class='ocrx_word' id='word_1_103' title='bbox 293 1637 382 1706; x_wconf 85' lang='lat' dir='ltr'><strong>geniis</strong></span> <span class='ocrx_word' id='word_1_104' title='bbox 400 1655 457 1693; x_wconf 88' lang='lat' dir='ltr'><strong>non</strong></span> <span class='ocrx_word' id='word_1_105' title='bbox 475 1637 582 1694; x_wconf 82' lang='lat' dir='ltr'><strong>inficias</strong></span> <span class='ocrx_word' id='word_1_106' title='bbox 601 1653 644 1705; x_wconf 89' lang='lat' dir='ltr'><strong>eo,</strong></span> <span class='ocrx_word' id='word_1_107' title='bbox 663 1637 730 1705; x_wconf 89' lang='lat' dir='ltr'><strong>quin</strong></span> <span class='ocrx_word' id='word_1_108' title='bbox 749 1636 801 1692; x_wconf 92' lang='lat' dir='ltr'><strong>illa</strong></span> <span class='ocrx_word' id='word_1_109' title='bbox 818 1637 875 1692; x_wconf 89' lang='lat' dir='ltr'><strong>sint</strong></span> <span class='ocrx_word' id='word_1_110' title='bbox 893 1639 994 1707; x_wconf 80' lang='lat' dir='ltr'><strong>vegeta</strong></span> <span class='ocrx_word' id='word_1_111' title='bbox 1012 1639 1042 1691; x_wconf 90' lang='lat' dir='ltr'><strong>et</strong></span> <span class='ocrx_word' id='word_1_112' title='bbox 1054 1635 1238 1706; x_wconf 83' lang='lat' dir='ltr'><strong>ingenuarum</strong></span> <span class='ocrx_word' id='word_1_113' title='bbox 1253 1636 1355 1690; x_wconf 86' lang='lat' dir='ltr'><strong>artium</strong></span> <span class='ocrx_word' id='word_1_114' title='bbox 1369 1635 1437 1690; x_wconf 84' lang='lat' dir='ltr'><strong>satis</strong></span> 
     </span>
     <span class='ocr_line' id='line_1_14' title="bbox 294 1724 1437 1796; baseline -0.003 -15"><span class='ocrx_word' id='word_1_115' title='bbox 294 1727 444 1796; x_wconf 85' lang='lat' dir='ltr'><strong>foecunda;</strong></span> <span class='ocrx_word' id='word_1_116' title='bbox 469 1745 526 1783; x_wconf 89' lang='lat' dir='ltr'><strong>non</strong></span> <span class='ocrx_word' id='word_1_117' title='bbox 544 1729 639 1782; x_wconf 90' lang='lat' dir='ltr'><strong>tamen</strong></span> <span class='ocrx_word' id='word_1_118' title='bbox 657 1743 744 1796; x_wconf 90' lang='lat' dir='ltr'><strong>usque</strong></span> <span class='ocrx_word' id='word_1_119' title='bbox 763 1726 834 1781; x_wconf 92' lang='lat' dir='ltr'><strong>adeo</strong></span> <span class='ocrx_word' id='word_1_120' title='bbox 851 1725 882 1780; x_wconf 90' lang='lat' dir='ltr'><strong>in</strong></span> <span class='ocrx_word' id='word_1_121' title='bbox 900 1743 934 1781; x_wconf 89' lang='lat' dir='ltr'><strong>ea</strong></span> <span class='ocrx_word' id='word_1_122' title='bbox 952 1743 981 1782; x_wconf 91' lang='lat' dir='ltr'><strong>re</strong></span> <span class='ocrx_word' id='word_1_123' title='bbox 1000 1725 1070 1780; x_wconf 89' lang='lat' dir='ltr'><strong>mihi</strong></span> <span class='ocrx_word' id='word_1_124' title='bbox 1089 1724 1226 1780; x_wconf 88' lang='lat' dir='ltr'><strong>excellere</strong></span> <span class='ocrx_word' id='word_1_125' title='bbox 1245 1724 1386 1793; x_wconf 85' lang='lat' dir='ltr'><strong>videntur,</strong></span> <span class='ocrx_word' id='word_1_126' title='bbox 1405 1727 1437 1778; x_wconf 92' lang='lat' dir='ltr'><strong>ut</strong></span> 
     </span>
     <span class='ocr_line' id='line_1_15' title="bbox 294 1813 1435 1886; baseline -0.003 -16"><span class='ocrx_word' id='word_1_127' title='bbox 294 1817 451 1886; x_wconf 85' lang='lat' dir='ltr'><strong>complures</strong></span> <span class='ocrx_word' id='word_1_128' title='bbox 469 1833 503 1871; x_wconf 85' lang='lat' dir='ltr'><strong>er</strong></span> <span class='ocrx_word' id='word_1_129' title='bbox 520 1815 692 1871; x_wconf 87' lang='lat' dir='ltr'><strong>nostratibus</strong></span> <span class='ocrx_word' id='word_1_130' title='bbox 710 1832 767 1870; x_wconf 89' lang='lat' dir='ltr'><strong>non</strong></span> <span class='ocrx_word' id='word_1_131' title='bbox 785 1816 876 1871; x_wconf 90' lang='lat' dir='ltr'><strong>solum</strong></span> <span class='ocrx_word' id='word_1_132' title='bbox 894 1833 950 1870; x_wconf 88' lang='lat' dir='ltr'><strong>uon</strong></span> <span class='ocrx_word' id='word_1_133' title='bbox 969 1831 1090 1886; x_wconf 90' lang='lat' dir='ltr'><strong>aequare</strong></span> <span class='ocrx_word' id='word_1_134' title='bbox 1105 1813 1243 1870; x_wconf 87' lang='lat' dir='ltr'><strong>Latialem</strong></span> <span class='ocrx_word' id='word_1_135' title='bbox 1261 1813 1341 1884; x_wconf 68' lang='lat' dir='ltr'><strong>illam</strong></span> <span class='ocrx_word' id='word_1_136' title='bbox 1359 1830 1435 1867; x_wconf 87' lang='lat' dir='ltr'><strong>men·</strong></span> 
     </span>
     <span class='ocr_line' id='line_1_16' title="bbox 293 1902 1437 1976; baseline -0.002 -18"><span class='ocrx_word' id='word_1_137' title='bbox 293 1905 331 1959; x_wconf 92' lang='lat' dir='ltr'><strong>tis</strong></span> <span class='ocrx_word' id='word_1_138' title='bbox 350 1904 545 1974; x_wconf 88' lang='lat' dir='ltr'><strong>acrimoniam,</strong></span> <span class='ocrx_word' id='word_1_139' title='bbox 574 1905 623 1959; x_wconf 88' lang='lat' dir='ltr'><strong>sed</strong></span> <span class='ocrx_word' id='word_1_140' title='bbox 642 1905 727 1959; x_wconf 91' lang='lat' dir='ltr'><strong>etiam</strong></span> <span class='ocrx_word' id='word_1_141' title='bbox 747 1905 833 1976; x_wconf 81' lang='lat' dir='ltr'><strong>longo</strong></span> <span class='ocrx_word' id='word_1_142' title='bbox 852 1908 915 1976; x_wconf 90' lang='lat' dir='ltr'><strong>post</strong></span> <span class='ocrx_word' id='word_1_143' title='bbox 933 1922 961 1960; x_wconf 91' lang='lat' dir='ltr'><strong>se</strong></span> <span class='ocrx_word' id='word_1_144' title='bbox 980 1905 1130 1960; x_wconf 86' lang='lat' dir='ltr'><strong>intervallo</strong></span> <span class='ocrx_word' id='word_1_145' title='bbox 1149 1905 1305 1974; x_wconf 90' lang='lat' dir='ltr'><strong>relinquere</strong></span> <span class='ocrx_word' id='word_1_146' title='bbox 1326 1902 1437 1957; x_wconf 85' lang='lat' dir='ltr'><strong>videan-</strong></span> 
     </span>
     <span class='ocr_line' id='line_1_17' title="bbox 292 1991 1436 2064; baseline -0.003 -16"><span class='ocrx_word' id='word_1_147' title='bbox 292 1999 346 2049; x_wconf 87' lang='lat' dir='ltr'><strong>tur.</strong></span> <span class='ocrx_word' id='word_1_148' title='bbox 383 1993 581 2064; x_wconf 80' lang='lat' dir='ltr'><strong>Peregrinatus</strong></span> <span class='ocrx_word' id='word_1_149' title='bbox 605 2012 666 2048; x_wconf 87' lang='lat' dir='ltr'><strong>sum</strong></span> <span class='ocrx_word' id='word_1_150' title='bbox 689 1993 723 2047; x_wconf 87' lang='lat' dir='ltr'><strong>iis</strong></span> <span class='ocrx_word' id='word_1_151' title='bbox 747 1993 803 2048; x_wconf 88' lang='lat' dir='ltr'><strong>iam</strong></span> <span class='ocrx_word' id='word_1_152' title='bbox 828 1995 942 2050; x_wconf 86' lang='lat' dir='ltr'><strong>aestivis</strong></span> <span class='ocrx_word' id='word_1_153' title='bbox 966 1993 1121 2050; x_wconf 82' lang='lat' dir='ltr'><strong>studiorum</strong></span> <span class='ocrx_word' id='word_1_154' title='bbox 1141 1993 1333 2050; x_wconf 84' lang='lat' dir='ltr'><strong>vacationibus</strong></span> <span class='ocrx_word' id='word_1_155' title='bbox 1353 1991 1436 2062; x_wconf 87' lang='lat' dir='ltr'><strong>paulo</strong></span> 
     </span>
     <span class='ocr_line' id='line_1_18' title="bbox 293 2081 1437 2153; baseline -0.004 -15"><span class='ocrx_word' id='word_1_156' title='bbox 293 2083 422 2152; x_wconf 85' lang='lat' dir='ltr'><strong>liberius,</strong></span> <span class='ocrx_word' id='word_1_157' title='bbox 450 2099 541 2137; x_wconf 86' lang='lat' dir='ltr'><strong>moras</strong></span> <span class='ocrx_word' id='word_1_158' title='bbox 567 2083 711 2137; x_wconf 85' lang='lat' dir='ltr'><strong>hominurn</strong></span> <span class='ocrx_word' id='word_1_159' title='bbox 738 2087 767 2137; x_wconf 92' lang='lat' dir='ltr'><strong>et</strong></span> <span class='ocrx_word' id='word_1_160' title='bbox 791 2084 873 2138; x_wconf 86' lang='lat' dir='ltr'><strong>urbes</strong></span> <span class='ocrx_word' id='word_1_161' title='bbox 897 2083 1012 2153; x_wconf 89' lang='lat' dir='ltr'><strong>propius</strong></span> <span class='ocrx_word' id='word_1_162' title='bbox 1037 2083 1211 2153; x_wconf 87' lang='lat' dir='ltr'><strong>inspecturus</strong></span> <span class='ocrx_word' id='word_1_163' title='bbox 1238 2081 1437 2152; x_wconf 81' lang='lat' dir='ltr'><strong>grammaticos</strong></span> 
     </span>
     <span class='ocr_line' id='line_1_19' title="bbox 294 2167 1438 2242; baseline -0.005 -15"><span class='ocrx_word' id='word_1_164' title='bbox 294 2173 441 2242; x_wconf 89' lang='lat' dir='ltr'><strong>plerosque</strong></span> <span class='ocrx_word' id='word_1_165' title='bbox 461 2172 591 2240; x_wconf 82' lang='lat' dir='ltr'><strong>salutavi,</strong></span> <span class='ocrx_word' id='word_1_166' title='bbox 611 2171 707 2226; x_wconf 85' lang='lat' dir='ltr'><strong>audivi</strong></span> <span class='ocrx_word' id='word_1_167' title='bbox 724 2187 780 2226; x_wconf 90' lang='lat' dir='ltr'><strong>non</strong></span> <span class='ocrx_word' id='word_1_168' title='bbox 800 2189 898 2240; x_wconf 88' lang='lat' dir='ltr'><strong>parum</strong></span> <span class='ocrx_word' id='word_1_169' title='bbox 913 2171 1025 2226; x_wconf 86' lang='lat' dir='ltr'><strong>multos.</strong></span> <span class='ocrx_word' id='word_1_170' title='bbox 1054 2169 1109 2226; x_wconf 87' lang='lat' dir='ltr'><strong>Sed</strong></span> <span class='ocrx_word' id='word_1_171' title='bbox 1123 2171 1191 2240; x_wconf 89' lang='lat' dir='ltr'><strong>quid</strong></span> <span class='ocrx_word' id='word_1_172' title='bbox 1205 2173 1283 2226; x_wconf 81' lang='lat' dir='ltr'><strong>tum?</strong></span> <span class='ocrx_word' id='word_1_173' title='bbox 1302 2187 1337 2224; x_wconf 90' lang='lat' dir='ltr'><strong>en</strong></span> <span class='ocrx_word' id='word_1_174' title='bbox 1352 2167 1438 2238; x_wconf 90' lang='lat' dir='ltr'><strong>(quod</strong></span> 
     </span>
     <span class='ocr_line' id='line_1_20' title="bbox 240 2257 1437 2331; baseline -0.004 -16"><span class='ocrx_word' id='word_1_175' title='bbox 240 2275 281 2315; x_wconf 84' lang='lat' dir='ltr'><strong>aaa</strong></span> <span class='ocrx_word' id='word_1_176' title='bbox 295 2277 364 2331; x_wconf 89' lang='lat' dir='ltr'><strong>pace</strong></span> <span class='ocrx_word' id='word_1_177' title='bbox 388 2261 505 2316; x_wconf 87' lang='lat' dir='ltr'><strong>aliorum</strong></span> <span class='ocrx_word' id='word_1_178' title='bbox 529 2258 656 2328; x_wconf 81' lang='lat' dir='ltr'><strong>dixerim)</strong></span> <span class='ocrx_word' id='word_1_179' title='bbox 681 2260 756 2314; x_wconf 89' lang='lat' dir='ltr'><strong>solus</strong></span> <span class='ocrx_word' id='word_1_180' title='bbox 781 2260 910 2329; x_wconf 88' lang='lat' dir='ltr'><strong>Baptista</strong></span> <span class='ocrx_word' id='word_1_181' title='bbox 927 2260 1065 2329; x_wconf 76' lang='lat' dir='ltr'><strong>Egnatius</strong></span> <span class='ocrx_word' id='word_1_182' title='bbox 1092 2259 1122 2313; x_wconf 90' lang='lat' dir='ltr'><strong>in</strong></span> <span class='ocrx_word' id='word_1_183' title='bbox 1140 2258 1311 2314; x_wconf 83' lang='lat' dir='ltr'><strong>Venetorum</strong></span> <span class='ocrx_word' id='word_1_184' title='bbox 1339 2257 1437 2312; x_wconf 87' lang='lat' dir='ltr'><strong>floren·</strong></span> 
     </span>
     <span class='ocr_line' id='line_1_21' title="bbox 295 2345 1438 2420; baseline -0.003 -16"><span class='ocrx_word' id='word_1_185' title='bbox 295 2349 404 2404; x_wconf 84' lang='lat' dir='ltr'><strong>tissima</strong></span> <span class='ocrx_word' id='word_1_186' title='bbox 422 2351 490 2404; x_wconf 91' lang='lat' dir='ltr'><strong>urbe</strong></span> <span class='ocrx_word' id='word_1_187' title='bbox 509 2349 638 2404; x_wconf 84' lang='lat' dir='ltr'><strong>inventae</strong></span> <span class='ocrx_word' id='word_1_188' title='bbox 658 2353 708 2418; x_wconf 89' lang='lat' dir='ltr'><strong>est,</strong></span> <span class='ocrx_word' id='word_1_189' title='bbox 728 2350 776 2419; x_wconf 89' lang='lat' dir='ltr'><strong>qui</strong></span> <span class='ocrx_word' id='word_1_190' title='bbox 793 2349 889 2420; x_wconf 81' lang='lat' dir='ltr'><strong>graeci</strong></span> <span class='ocrx_word' id='word_1_191' title='bbox 908 2349 1043 2418; x_wconf 86' lang='lat' dir='ltr'><strong>latinique</strong></span> <span class='ocrx_word' id='word_1_192' title='bbox 1061 2349 1197 2403; x_wconf 84' lang='lat' dir='ltr'><strong>sermonis</strong></span> <span class='ocrx_word' id='word_1_193' title='bbox 1216 2349 1288 2402; x_wconf 88' lang='lat' dir='ltr'><strong>mira</strong></span> <span class='ocrx_word' id='word_1_194' title='bbox 1305 2345 1438 2402; x_wconf 83' lang='lat' dir='ltr'><strong>facundia</strong></span> 
     </span>
     <span class='ocr_line' id='line_1_22' title="bbox 295 2435 1439 2508; baseline -0.003 -16"><span class='ocrx_word' id='word_1_195' title='bbox 295 2438 409 2508; x_wconf 88' lang='lat' dir='ltr'><strong>reliquis</strong></span> <span class='ocrx_word' id='word_1_196' title='bbox 436 2439 565 2493; x_wconf 91' lang='lat' dir='ltr'><strong>omnibus</strong></span> <span class='ocrx_word' id='word_1_197' title='bbox 593 2440 676 2508; x_wconf 79' lang='lat' dir='ltr'><strong>longe</strong></span> <span class='ocrx_word' id='word_1_198' title='bbox 701 2439 871 2508; x_wconf 86' lang='lat' dir='ltr'><strong>praestabat</strong></span> <span class='ocrx_word' id='word_1_199' title='bbox 909 2439 1003 2492; x_wconf 89' lang='lat' dir='ltr'><strong>Ductu</strong></span> <span class='ocrx_word' id='word_1_200' title='bbox 1025 2437 1102 2492; x_wconf 92' lang='lat' dir='ltr'><strong>illius</strong></span> <span class='ocrx_word' id='word_1_201' title='bbox 1126 2455 1160 2492; x_wconf 88' lang='lat' dir='ltr'><strong>ac</strong></span> <span class='ocrx_word' id='word_1_202' title='bbox 1187 2453 1272 2507; x_wconf 87' lang='lat' dir='ltr'><strong>opera</strong></span> <span class='ocrx_word' id='word_1_203' title='bbox 1296 2435 1439 2492; x_wconf 81' lang='lat' dir='ltr'><strong>rarissima</strong></span> 
     </span>
     <span class='ocr_line' id='line_1_23' title="bbox 296 2525 1438 2597; baseline -0.004 -16"><span class='ocrx_word' id='word_1_204' title='bbox 296 2543 422 2596; x_wconf 87' lang='lat' dir='ltr'><strong>quaeque</strong></span> <span class='ocrx_word' id='word_1_205' title='bbox 446 2543 478 2582; x_wconf 92' lang='lat' dir='ltr'><strong>ac</strong></span> <span class='ocrx_word' id='word_1_206' title='bbox 501 2527 564 2582; x_wconf 82' lang='lat' dir='ltr'><strong>visu</strong></span> <span class='ocrx_word' id='word_1_207' title='bbox 588 2525 754 2597; x_wconf 81' lang='lat' dir='ltr'><strong>dignissima</strong></span> <span class='ocrx_word' id='word_1_208' title='bbox 776 2529 837 2582; x_wconf 91' lang='lat' dir='ltr'><strong>toto</strong></span> <span class='ocrx_word' id='word_1_209' title='bbox 861 2527 1011 2596; x_wconf 87' lang='lat' dir='ltr'><strong>quatriduo</strong></span> <span class='ocrx_word' id='word_1_210' title='bbox 1033 2527 1093 2581; x_wconf 92' lang='lat' dir='ltr'><strong>illic</strong></span> <span class='ocrx_word' id='word_1_211' title='bbox 1113 2543 1173 2580; x_wconf 90' lang='lat' dir='ltr'><strong>sum</strong></span> <span class='ocrx_word' id='word_1_212' title='bbox 1193 2525 1355 2596; x_wconf 77' lang='lat' dir='ltr'><strong>diligentius</strong></span> <span class='ocrx_word' id='word_1_213' title='bbox 1374 2539 1438 2578; x_wconf 89' lang='lat' dir='ltr'><strong>ecn-</strong></span> 
     </span>
     <span class='ocr_line' id='line_1_24' title="bbox 295 2613 1438 2686; baseline -0.003 -16"><span class='ocrx_word' id='word_1_214' title='bbox 295 2615 455 2686; x_wconf 87' lang='lat' dir='ltr'><strong>templctus.</strong></span> <span class='ocrx_word' id='word_1_215' title='bbox 493 2616 571 2671; x_wconf 78' lang='lat' dir='ltr'><strong>l&#39;ecit</strong></span> <span class='ocrx_word' id='word_1_216' title='bbox 598 2616 622 2671; x_wconf 88' lang='lat' dir='ltr'><strong>is</strong></span> <span class='ocrx_word' id='word_1_217' title='bbox 649 2616 920 2686; x_wconf 82' lang='lat' dir='ltr'><strong>interloquendum</strong></span> <span class='ocrx_word' id='word_1_218' title='bbox 946 2614 990 2670; x_wconf 91' lang='lat' dir='ltr'><strong>tui</strong></span> <span class='ocrx_word' id='word_1_219' title='bbox 1015 2615 1127 2685; x_wconf 86' lang='lat' dir='ltr'><strong>saepius</strong></span> <span class='ocrx_word' id='word_1_220' title='bbox 1150 2631 1233 2684; x_wconf 87' lang='lat' dir='ltr'><strong>quam</strong></span> <span class='ocrx_word' id='word_1_221' title='bbox 1256 2613 1438 2669; x_wconf 84' lang='lat' dir='ltr'><strong>honorificam</strong></span> 
     </span>
     <span class='ocr_line' id='line_1_25' title="bbox 296 2701 1438 2775; baseline -0.004 -16"><span class='ocrx_word' id='word_1_222' title='bbox 296 2704 467 2759; x_wconf 68' lang='lat' dir='ltr'><strong>mentonem</strong></span> <span class='ocrx_word' id='word_1_223' title='bbox 494 2721 526 2759; x_wconf 90' lang='lat' dir='ltr'><strong>ac</strong></span> <span class='ocrx_word' id='word_1_224' title='bbox 552 2704 667 2760; x_wconf 87' lang='lat' dir='ltr'><strong>tandem</strong></span> <span class='ocrx_word' id='word_1_225' title='bbox 704 2724 771 2775; x_wconf 91' lang='lat' dir='ltr'><strong>qum</strong></span> <span class='ocrx_word' id='word_1_226' title='bbox 807 2723 851 2761; x_wconf 90' lang='lat' dir='ltr'><strong>mc</strong></span> <span class='ocrx_word' id='word_1_227' title='bbox 880 2704 1066 2760; x_wconf 83' lang='lat' dir='ltr'><strong>discessurum</strong></span> <span class='ocrx_word' id='word_1_228' title='bbox 1097 2703 1286 2774; x_wconf 90' lang='lat' dir='ltr'><strong>pulcherrimo</strong></span> <span class='ocrx_word' id='word_1_229' title='bbox 1317 2701 1438 2771; x_wconf 88' lang='lat' dir='ltr'><strong>quodam</strong></span> 
     </span>
     <span class='ocr_line' id='line_1_26' title="bbox 296 2790 1438 2863; baseline -0.004 -16"><span class='ocrx_word' id='word_1_230' title='bbox 296 2793 444 2848; x_wconf 86' lang='lat' dir='ltr'><strong>chartaceo</strong></span> <span class='ocrx_word' id='word_1_231' title='bbox 470 2809 584 2846; x_wconf 87' lang='lat' dir='ltr'><strong>munere</strong></span> <span class='ocrx_word' id='word_1_232' title='bbox 609 2794 686 2863; x_wconf 85' lang='lat' dir='ltr'><strong>prius</strong></span> <span class='ocrx_word' id='word_1_233' title='bbox 712 2793 857 2863; x_wconf 87' lang='lat' dir='ltr'><strong>donasset,</strong></span> <span class='ocrx_word' id='word_1_234' title='bbox 885 2792 915 2862; x_wconf 89' lang='lat' dir='ltr'><strong>id</strong></span> <span class='ocrx_word' id='word_1_235' title='bbox 940 2793 1038 2848; x_wconf 87' lang='lat' dir='ltr'><strong>erebro</strong></span> <span class='ocrx_word' id='word_1_236' title='bbox 1063 2791 1236 2847; x_wconf 85' lang='lat' dir='ltr'><strong>inculcabat:</strong></span> <span class='ocrx_word' id='word_1_237' title='bbox 1269 2790 1438 2846; x_wconf 87' lang='lat' dir='ltr'><strong>Bilibaldum</strong></span> 
     </span>
     <span class='ocr_line' id='line_1_27' title="bbox 296 2879 1439 2951; baseline -0.002 -17"><span class='ocrx_word' id='word_1_238' title='bbox 296 2885 387 2949; x_wconf 90' lang='lat' dir='ltr'><strong>tuum,</strong></span> <span class='ocrx_word' id='word_1_239' title='bbox 417 2880 503 2934; x_wconf 89' lang='lat' dir='ltr'><strong>immo</strong></span> <span class='ocrx_word' id='word_1_240' title='bbox 522 2898 628 2951; x_wconf 90' lang='lat' dir='ltr'><strong>meum,</strong></span> <span class='ocrx_word' id='word_1_241' title='bbox 656 2883 742 2938; x_wconf 92' lang='lat' dir='ltr'><strong>immo</strong></span> <span class='ocrx_word' id='word_1_242' title='bbox 761 2885 901 2951; x_wconf 88' lang='lat' dir='ltr'><strong>nostrum,</strong></span> <span class='ocrx_word' id='word_1_243' title='bbox 928 2881 968 2937; x_wconf 90' lang='lat' dir='ltr'><strong>mi</strong></span> <span class='ocrx_word' id='word_1_244' title='bbox 987 2881 1065 2949; x_wconf 88' lang='lat' dir='ltr'><strong>Vite,</strong></span> <span class='ocrx_word' id='word_1_245' title='bbox 1093 2897 1156 2936; x_wconf 89' lang='lat' dir='ltr'><strong>meo</strong></span> <span class='ocrx_word' id='word_1_246' title='bbox 1175 2880 1285 2936; x_wconf 90' lang='lat' dir='ltr'><strong>nomine</strong></span> <span class='ocrx_word' id='word_1_247' title='bbox 1305 2879 1439 2934; x_wconf 84' lang='lat' dir='ltr'><strong>salutabis</strong></span> 
     </span>
     <span class='ocr_line' id='line_1_28' title="bbox 297 2969 1437 3042; baseline 0.001 -20"><span class='ocrx_word' id='word_1_248' title='bbox 297 2969 455 3039; x_wconf 89' lang='lat' dir='ltr'><strong>plurimum.</strong></span> <span class='ocrx_word' id='word_1_249' title='bbox 484 2969 548 3024; x_wconf 88' lang='lat' dir='ltr'><strong>Non</strong></span> <span class='ocrx_word' id='word_1_250' title='bbox 567 2972 662 3040; x_wconf 82' lang='lat' dir='ltr'><strong>puteat</strong></span> <span class='ocrx_word' id='word_1_251' title='bbox 680 2970 743 3039; x_wconf 87' lang='lat' dir='ltr'><strong>dici,</strong></span> <span class='ocrx_word' id='word_1_252' title='bbox 762 2971 910 3038; x_wconf 87' lang='lat' dir='ltr'><strong>Bilibalde,</strong></span> <span class='ocrx_word' id='word_1_253' title='bbox 930 2988 1015 3042; x_wconf 88' lang='lat' dir='ltr'><strong>quam</strong></span> <span class='ocrx_word' id='word_1_254' title='bbox 1033 2971 1118 3025; x_wconf 87' lang='lat' dir='ltr'><strong>horno</strong></span> <span class='ocrx_word' id='word_1_255' title='bbox 1136 2970 1185 3024; x_wconf 90' lang='lat' dir='ltr'><strong>ille</strong></span> <span class='ocrx_word' id='word_1_256' title='bbox 1204 2969 1263 3025; x_wconf 88' lang='lat' dir='ltr'><strong>sine</strong></span> <span class='ocrx_word' id='word_1_257' title='bbox 1282 2972 1437 3025; x_wconf 86' lang='lat' dir='ltr'><strong>coutrover-</strong></span> 
     </span>
     <span class='ocr_line' id='line_1_29' title="bbox 298 3057 1439 3130; baseline -0.001 -18"><span class='ocrx_word' id='word_1_258' title='bbox 298 3058 340 3113; x_wconf 86' lang='lat' dir='ltr'><strong>sia</strong></span> <span class='ocrx_word' id='word_1_259' title='bbox 358 3057 534 3112; x_wconf 87' lang='lat' dir='ltr'><strong>doctissimus</strong></span> <span class='ocrx_word' id='word_1_260' title='bbox 552 3060 581 3112; x_wconf 90' lang='lat' dir='ltr'><strong>tc</strong></span> <span class='ocrx_word' id='word_1_261' title='bbox 596 3059 673 3114; x_wconf 88' lang='lat' dir='ltr'><strong>colat</strong></span> <span class='ocrx_word' id='word_1_262' title='bbox 686 3058 767 3114; x_wconf 91' lang='lat' dir='ltr'><strong>unice</strong></span> <span class='ocrx_word' id='word_1_263' title='bbox 782 3061 966 3130; x_wconf 86' lang='lat' dir='ltr'><strong>observetque</strong></span> <span class='ocrx_word' id='word_1_264' title='bbox 980 3063 1148 3128; x_wconf 83' lang='lat' dir='ltr'><strong>reverenter,</strong></span> <span class='ocrx_word' id='word_1_265' title='bbox 1166 3059 1241 3128; x_wconf 91' lang='lat' dir='ltr'><strong>quod</strong></span> <span class='ocrx_word' id='word_1_266' title='bbox 1255 3058 1318 3112; x_wconf 88' lang='lat' dir='ltr'><strong>ideo</strong></span> <span class='ocrx_word' id='word_1_267' title='bbox 1333 3057 1439 3127; x_wconf 86' lang='lat' dir='ltr'><strong>scripsi,</strong></span> 
     </span>
     <span class='ocr_line' id='line_1_30' title="bbox 297 3145 1439 3220; baseline 0 -20"><span class='ocrx_word' id='word_1_268' title='bbox 297 3149 329 3200; x_wconf 93' lang='lat' dir='ltr'><strong>ut</strong></span> <span class='ocrx_word' id='word_1_269' title='bbox 347 3145 518 3217; x_wconf 82' lang='lat' dir='ltr'><strong>intelligeres</strong></span> <span class='ocrx_word' id='word_1_270' title='bbox 533 3146 712 3203; x_wconf 86' lang='lat' dir='ltr'><strong>Germaniam</strong></span> <span class='ocrx_word' id='word_1_271' title='bbox 730 3151 855 3204; x_wconf 89' lang='lat' dir='ltr'><strong>nostram</strong></span> <span class='ocrx_word' id='word_1_272' title='bbox 874 3149 966 3217; x_wconf 88' lang='lat' dir='ltr'><strong>quoad</strong></span> <span class='ocrx_word' id='word_1_273' title='bbox 981 3149 1060 3204; x_wconf 90' lang='lat' dir='ltr'><strong>illam</strong></span> <span class='ocrx_word' id='word_1_274' title='bbox 1079 3148 1254 3220; x_wconf 86' lang='lat' dir='ltr'><strong>ingeniorum</strong></span> <span class='ocrx_word' id='word_1_275' title='bbox 1274 3147 1439 3201; x_wconf 84' lang='lat' dir='ltr'><strong>beatitatem</strong></span> 
     </span>
     <span class='ocr_line' id='line_1_31' title="bbox 296 3234 1438 3306; baseline -0.002 -16"><span class='ocrx_word' id='word_1_276' title='bbox 296 3253 353 3291; x_wconf 89' lang='lat' dir='ltr'><strong>non</strong></span> <span class='ocrx_word' id='word_1_277' title='bbox 370 3236 400 3290; x_wconf 92' lang='lat' dir='ltr'><strong>in</strong></span> <span class='ocrx_word' id='word_1_278' title='bbox 418 3235 565 3306; x_wconf 87' lang='lat' dir='ltr'><strong>postremis</strong></span> <span class='ocrx_word' id='word_1_279' title='bbox 584 3237 751 3292; x_wconf 86' lang='lat' dir='ltr'><strong>collocatam</strong></span> <span class='ocrx_word' id='word_1_280' title='bbox 771 3255 840 3292; x_wconf 85' lang='lat' dir='ltr'><strong>esse.</strong></span> <span class='ocrx_word' id='word_1_281' title='bbox 878 3237 957 3303; x_wconf 80' lang='lat' dir='ltr'><strong>Quod</strong></span> <span class='ocrx_word' id='word_1_282' title='bbox 976 3238 1012 3306; x_wconf 82' lang='lat' dir='ltr'><strong>si,</strong></span> <span class='ocrx_word' id='word_1_283' title='bbox 1030 3241 1063 3291; x_wconf 91' lang='lat' dir='ltr'><strong>nt</strong></span> <span class='ocrx_word' id='word_1_284' title='bbox 1081 3235 1179 3292; x_wconf 85' lang='lat' dir='ltr'><strong>scribis</strong></span> <span class='ocrx_word' id='word_1_285' title='bbox 1199 3235 1350 3303; x_wconf 80' lang='lat' dir='ltr'><strong>verissime,</strong></span> <span class='ocrx_word' id='word_1_286' title='bbox 1369 3234 1438 3289; x_wconf 85' lang='lat' dir='ltr'><strong>Ger-</strong></span> 
     </span>
     <span class='ocr_line' id='line_1_32' title="bbox 297 3323 1440 3396; baseline -0.003 -16"><span class='ocrx_word' id='word_1_287' title='bbox 297 3324 387 3380; x_wconf 83' lang='lat' dir='ltr'><strong>manis</strong></span> <span class='ocrx_word' id='word_1_288' title='bbox 412 3341 541 3391; x_wconf 88' lang='lat' dir='ltr'><strong>munera,</strong></span> <span class='ocrx_word' id='word_1_289' title='bbox 569 3343 641 3394; x_wconf 91' lang='lat' dir='ltr'><strong>quae</strong></span> <span class='ocrx_word' id='word_1_290' title='bbox 661 3326 751 3394; x_wconf 85' lang='lat' dir='ltr'><strong>ltalis,</strong></span> <span class='ocrx_word' id='word_1_291' title='bbox 780 3326 816 3382; x_wconf 91' lang='lat' dir='ltr'><strong>ob</strong></span> <span class='ocrx_word' id='word_1_292' title='bbox 835 3326 990 3382; x_wconf 87' lang='lat' dir='ltr'><strong>doctrinam</strong></span> <span class='ocrx_word' id='word_1_293' title='bbox 1009 3329 1241 3396; x_wconf 81' lang='lat' dir='ltr'><strong>proponerentur;</strong></span> <span class='ocrx_word' id='word_1_294' title='bbox 1274 3324 1347 3394; x_wconf 88' lang='lat' dir='ltr'><strong>(quis</strong></span> <span class='ocrx_word' id='word_1_295' title='bbox 1365 3323 1440 3378; x_wconf 88' lang='lat' dir='ltr'><strong>enim</strong></span> 
     </span>
     <span class='ocr_line' id='line_1_33' title="bbox 298 3412 1440 3485; baseline -0.002 -17"><span class='ocrx_word' id='word_1_296' title='bbox 298 3415 430 3468; x_wconf 88' lang='lat' dir='ltr'><strong>virtutem</strong></span> <span class='ocrx_word' id='word_1_297' title='bbox 454 3414 633 3482; x_wconf 90' lang='lat' dir='ltr'><strong>amplectitur</strong></span> <span class='ocrx_word' id='word_1_298' title='bbox 656 3415 756 3484; x_wconf 88' lang='lat' dir='ltr'><strong>ullam,</strong></span> <span class='ocrx_word' id='word_1_299' title='bbox 782 3415 908 3484; x_wconf 86' lang='lat' dir='ltr'><strong>praemia</strong></span> <span class='ocrx_word' id='word_1_300' title='bbox 932 3415 955 3471; x_wconf 91' lang='lat' dir='ltr'><strong>si</strong></span> <span class='ocrx_word' id='word_1_301' title='bbox 977 3415 1093 3484; x_wconf 75' lang='lat' dir='ltr'><strong>tollasl)</strong></span> <span class='ocrx_word' id='word_1_302' title='bbox 1118 3416 1244 3485; x_wconf 89' lang='lat' dir='ltr'><strong>protinus</strong></span> <span class='ocrx_word' id='word_1_303' title='bbox 1267 3412 1362 3468; x_wconf 86' lang='lat' dir='ltr'><strong>omnia</strong></span> <span class='ocrx_word' id='word_1_304' title='bbox 1384 3413 1440 3467; x_wconf 90' lang='lat' dir='ltr'><strong>iam</strong></span> 
     </span>
     <span class='ocr_line' id='line_1_34' title="bbox 298 3500 1441 3574; baseline -0.001 -18"><span class='ocrx_word' id='word_1_305' title='bbox 298 3507 392 3557; x_wconf 87' lang='lat' dir='ltr'><strong>esseut</strong></span> <span class='ocrx_word' id='word_1_306' title='bbox 414 3504 491 3570; x_wconf 72' lang='lat' dir='ltr'><strong>alba,</strong></span> <span class='ocrx_word' id='word_1_307' title='bbox 521 3502 570 3556; x_wconf 89' lang='lat' dir='ltr'><strong>sed</strong></span> <span class='ocrx_word' id='word_1_308' title='bbox 593 3503 639 3558; x_wconf 89' lang='lat' dir='ltr'><strong>hei</strong></span> <span class='ocrx_word' id='word_1_309' title='bbox 663 3521 714 3558; x_wconf 86' lang='lat' dir='ltr'><strong>nos</strong></span> <span class='ocrx_word' id='word_1_310' title='bbox 737 3509 836 3559; x_wconf 80' lang='lat' dir='ltr'><strong>ventus</strong></span> <span class='ocrx_word' id='word_1_311' title='bbox 861 3505 966 3574; x_wconf 82' lang='lat' dir='ltr'><strong>pascit,</strong></span> <span class='ocrx_word' id='word_1_312' title='bbox 993 3505 1166 3573; x_wconf 82' lang='lat' dir='ltr'><strong>poscuntque</strong></span> <span class='ocrx_word' id='word_1_313' title='bbox 1185 3501 1281 3556; x_wconf 88' lang='lat' dir='ltr'><strong>inania</strong></span> <span class='ocrx_word' id='word_1_314' title='bbox 1300 3501 1386 3556; x_wconf 87' lang='lat' dir='ltr'><strong>verba</strong></span> <span class='ocrx_word' id='word_1_315' title='bbox 1404 3500 1441 3554; x_wconf 89' lang='lat' dir='ltr'><strong>ob</strong></span> 
     </span>
     <span class='ocr_line' id='line_1_35' title="bbox 298 3589 1440 3663; baseline -0.003 -18"><span class='ocrx_word' id='word_1_316' title='bbox 298 3591 382 3660; x_wconf 88' lang='lat' dir='ltr'><strong>idque</strong></span> <span class='ocrx_word' id='word_1_317' title='bbox 406 3590 479 3644; x_wconf 83' lang='lat' dir='ltr'><strong>mele</strong></span> <span class='ocrx_word' id='word_1_318' title='bbox 499 3608 562 3645; x_wconf 90' lang='lat' dir='ltr'><strong>cum</strong></span> <span class='ocrx_word' id='word_1_319' title='bbox 581 3591 714 3646; x_wconf 84' lang='lat' dir='ltr'><strong>litteratis</strong></span> <span class='ocrx_word' id='word_1_320' title='bbox 733 3593 827 3663; x_wconf 62' lang='lat' dir='ltr'><strong>am&#39;tur</strong></span> <span class='ocrx_word' id='word_1_321' title='bbox 844 3592 919 3647; x_wconf 89' lang='lat' dir='ltr'><strong>viris.</strong></span> <span class='ocrx_word' id='word_1_322' title='bbox 957 3593 1091 3647; x_wconf 86' lang='lat' dir='ltr'><strong>Desertae</strong></span> <span class='ocrx_word' id='word_1_323' title='bbox 1110 3599 1175 3646; x_wconf 87' lang='lat' dir='ltr'><strong>sunt</strong></span> <span class='ocrx_word' id='word_1_324' title='bbox 1193 3589 1318 3662; x_wconf 88' lang='lat' dir='ltr'><strong>patronis</strong></span> <span class='ocrx_word' id='word_1_325' title='bbox 1337 3590 1440 3644; x_wconf 80' lang='lat' dir='ltr'><strong>Musae.</strong></span> 
     </span>
     <span class='ocr_line' id='line_1_36' title="bbox 299 3677 1441 3755; baseline 0.002 -23"><span class='ocrx_word' id='word_1_326' title='bbox 299 3679 352 3733; x_wconf 86' lang='lat' dir='ltr'><strong>Vix</strong></span> <span class='ocrx_word' id='word_1_327' title='bbox 367 3697 437 3733; x_wconf 90' lang='lat' dir='ltr'><strong>unus</strong></span> <span class='ocrx_word' id='word_1_328' title='bbox 452 3695 485 3732; x_wconf 85' lang='lat' dir='ltr'><strong>ex</strong></span> <span class='ocrx_word' id='word_1_329' title='bbox 500 3677 665 3733; x_wconf 88' lang='lat' dir='ltr'><strong>Germaniae</strong></span> <span class='ocrx_word' id='word_1_330' title='bbox 673 3679 856 3755; x_wconf 73' lang='lat' dir='ltr'><strong>principibus</strong></span> <span class='ocrx_word' id='word_1_331' title='bbox 875 3681 975 3736; x_wconf 84' lang='lat' dir='ltr'><strong>studiis</strong></span> <span class='ocrx_word' id='word_1_332' title='bbox 994 3680 1042 3736; x_wconf 87' lang='lat' dir='ltr'><strong>dat</strong></span> <span class='ocrx_word' id='word_1_333' title='bbox 1061 3681 1146 3737; x_wconf 91' lang='lat' dir='ltr'><strong>molle</strong></span> <span class='ocrx_word' id='word_1_334' title='bbox 1161 3681 1247 3735; x_wconf 90' lang='lat' dir='ltr'><strong>otium</strong></span> <span class='ocrx_word' id='word_1_335' title='bbox 1262 3679 1441 3747; x_wconf 87' lang='lat' dir='ltr'><strong>animumque</strong></span> 
     </span>
     <span class='ocr_line' id='line_1_37' title="bbox 298 3767 1441 3841; baseline -0.001 -19"><span class='ocrx_word' id='word_1_336' title='bbox 298 3785 316 3822; x_wconf 88' lang='lat' dir='ltr'><strong>a</strong></span> <span class='ocrx_word' id='word_1_337' title='bbox 334 3767 407 3822; x_wconf 87' lang='lat' dir='ltr'><strong>curis</strong></span> <span class='ocrx_word' id='word_1_338' title='bbox 427 3767 553 3836; x_wconf 82' lang='lat' dir='ltr'><strong>extricat,</strong></span> <span class='ocrx_word' id='word_1_339' title='bbox 572 3771 604 3822; x_wconf 93' lang='lat' dir='ltr'><strong>ut</strong></span> <span class='ocrx_word' id='word_1_340' title='bbox 621 3769 693 3825; x_wconf 88' lang='lat' dir='ltr'><strong>nihil</strong></span> <span class='ocrx_word' id='word_1_341' title='bbox 711 3769 746 3826; x_wconf 91' lang='lat' dir='ltr'><strong>de</strong></span> <span class='ocrx_word' id='word_1_342' title='bbox 764 3771 855 3826; x_wconf 90' lang='lat' dir='ltr'><strong>lodice</strong></span> <span class='ocrx_word' id='word_1_343' title='bbox 874 3769 999 3841; x_wconf 88' lang='lat' dir='ltr'><strong>paranda</strong></span> <span class='ocrx_word' id='word_1_344' title='bbox 1013 3769 1149 3825; x_wconf 89' lang='lat' dir='ltr'><strong>attonitus</strong></span> <span class='ocrx_word' id='word_1_345' title='bbox 1163 3769 1269 3838; x_wconf 87' lang='lat' dir='ltr'><strong>aliquid</strong></span> <span class='ocrx_word' id='word_1_346' title='bbox 1284 3768 1441 3836; x_wconf 87' lang='lat' dir='ltr'><strong>amoliatur,</strong></span> 
     </span>
     <span class='ocr_line' id='line_1_38' title="bbox 298 3856 1441 3930; baseline 0.001 -20"><span class='ocrx_word' id='word_1_347' title='bbox 298 3856 374 3925; x_wconf 89' lang='lat' dir='ltr'><strong>quod</strong></span> <span class='ocrx_word' id='word_1_348' title='bbox 392 3857 511 3926; x_wconf 88' lang='lat' dir='ltr'><strong>posteris</strong></span> <span class='ocrx_word' id='word_1_349' title='bbox 530 3875 640 3928; x_wconf 89' lang='lat' dir='ltr'><strong>quoque</strong></span> <span class='ocrx_word' id='word_1_350' title='bbox 659 3857 782 3929; x_wconf 82' lang='lat' dir='ltr'><strong>gratiam</strong></span> <span class='ocrx_word' id='word_1_351' title='bbox 800 3859 949 3915; x_wconf 87' lang='lat' dir='ltr'><strong>conciliare</strong></span> <span class='ocrx_word' id='word_1_352' title='bbox 968 3860 1064 3930; x_wconf 87' lang='lat' dir='ltr'><strong>possit.</strong></span> <span class='ocrx_word' id='word_1_353' title='bbox 1092 3859 1147 3914; x_wconf 83' lang='lat' dir='ltr'><strong>Sed</strong></span> <span class='ocrx_word' id='word_1_354' title='bbox 1165 3858 1317 3928; x_wconf 89' lang='lat' dir='ltr'><strong>prohibent</strong></span> <span class='ocrx_word' id='word_1_355' title='bbox 1334 3874 1379 3912; x_wconf 90' lang='lat' dir='ltr'><strong>me</strong></span> <span class='ocrx_word' id='word_1_356' title='bbox 1397 3873 1441 3911; x_wconf 92' lang='lat' dir='ltr'><strong>ce·</strong></span> 
     </span>
     <span class='ocr_line' id='line_1_39' title="bbox 298 3944 1441 4019; baseline 0 -20"><span class='ocrx_word' id='word_1_357' title='bbox 298 3949 360 4000; x_wconf 87' lang='lat' dir='ltr'><strong>tera</strong></span> <span class='ocrx_word' id='word_1_358' title='bbox 378 3944 483 4001; x_wconf 87' lang='lat' dir='ltr'><strong>Parcae</strong></span> <span class='ocrx_word' id='word_1_359' title='bbox 507 3945 616 4015; x_wconf 85' lang='lat' dir='ltr'><strong>farique</strong></span> <span class='ocrx_word' id='word_1_360' title='bbox 640 3950 717 4002; x_wconf 86' lang='lat' dir='ltr'><strong>vetat</strong></span> <span class='ocrx_word' id='word_1_361' title='bbox 737 3949 867 4004; x_wconf 89' lang='lat' dir='ltr'><strong>Saturnia</strong></span> <span class='ocrx_word' id='word_1_362' title='bbox 885 3951 962 4006; x_wconf 86' lang='lat' dir='ltr'><strong>luno.</strong></span> <span class='ocrx_word' id='word_1_363' title='bbox 1000 3948 1081 4015; x_wconf 87' lang='lat' dir='ltr'><strong>Quod</strong></span> <span class='ocrx_word' id='word_1_364' title='bbox 1099 3947 1175 4019; x_wconf 89' lang='lat' dir='ltr'><strong>apud</strong></span> <span class='ocrx_word' id='word_1_365' title='bbox 1194 3964 1242 4003; x_wconf 84' lang='lat' dir='ltr'><strong>vos</strong></span> <span class='ocrx_word' id='word_1_366' title='bbox 1261 3946 1372 4001; x_wconf 88' lang='lat' dir='ltr'><strong>litterae</strong></span> <span class='ocrx_word' id='word_1_367' title='bbox 1391 3944 1441 3999; x_wconf 88' lang='lat' dir='ltr'><strong>mi·</strong></span> 
     </span>
     <span class='ocr_line' id='line_1_40' title="bbox 298 4034 1441 4108; baseline -0.003 -18"><span class='ocrx_word' id='word_1_368' title='bbox 298 4055 360 4090; x_wconf 89' lang='lat' dir='ltr'><strong>rum</strong></span> <span class='ocrx_word' id='word_1_369' title='bbox 378 4037 408 4090; x_wconf 92' lang='lat' dir='ltr'><strong>in</strong></span> <span class='ocrx_word' id='word_1_370' title='bbox 426 4035 538 4090; x_wconf 89' lang='lat' dir='ltr'><strong>modum</strong></span> <span class='ocrx_word' id='word_1_371' title='bbox 557 4036 654 4092; x_wconf 89' lang='lat' dir='ltr'><strong>florere</strong></span> <span class='ocrx_word' id='word_1_372' title='bbox 673 4036 822 4106; x_wconf 90' lang='lat' dir='ltr'><strong>incipiant,</strong></span> <span class='ocrx_word' id='word_1_373' title='bbox 847 4039 956 4108; x_wconf 80' lang='lat' dir='ltr'><strong>gaudeo</strong></span> <span class='ocrx_word' id='word_1_374' title='bbox 976 4037 1117 4092; x_wconf 90' lang='lat' dir='ltr'><strong>communi</strong></span> <span class='ocrx_word' id='word_1_375' title='bbox 1135 4035 1244 4106; x_wconf 86' lang='lat' dir='ltr'><strong>patriae</strong></span> <span class='ocrx_word' id='word_1_376' title='bbox 1263 4051 1319 4090; x_wconf 87' lang='lat' dir='ltr'><strong>non</strong></span> <span class='ocrx_word' id='word_1_377' title='bbox 1337 4034 1441 4088; x_wconf 91' lang='lat' dir='ltr'><strong>medio-</strong></span> 
     </span>
     <span class='ocr_line' id='line_1_41' title="bbox 247 4123 1441 4196; baseline -0.002 -18"><span class='ocrx_word' id='word_1_378' title='bbox 247 4135 287 4178; x_wconf 70' lang='lat' dir='ltr'><strong>rsa</strong></span> <span class='ocrx_word' id='word_1_379' title='bbox 302 4125 398 4193; x_wconf 84' lang='lat' dir='ltr'><strong>ariter,</strong></span> <span class='ocrx_word' id='word_1_380' title='bbox 426 4123 652 4194; x_wconf 87' lang='lat' dir='ltr'><strong>quandoquidem</strong></span> <span class='ocrx_word' id='word_1_381' title='bbox 671 4126 795 4181; x_wconf 75' lang='lat' dir='ltr'><strong>ficturum</strong></span> <span class='ocrx_word' id='word_1_382' title='bbox 814 4143 907 4196; x_wconf 84' lang='lat' dir='ltr'><strong>spero,</strong></span> <span class='ocrx_word' id='word_1_383' title='bbox 935 4132 967 4182; x_wconf 92' lang='lat' dir='ltr'><strong>ut</strong></span> <span class='ocrx_word' id='word_1_384' title='bbox 984 4130 1106 4182; x_wconf 88' lang='lat' dir='ltr'><strong>tremens</strong></span> <span class='ocrx_word' id='word_1_385' title='bbox 1124 4127 1179 4180; x_wconf 89' lang='lat' dir='ltr'><strong>iam</strong></span> <span class='ocrx_word' id='word_1_386' title='bbox 1199 4142 1286 4195; x_wconf 88' lang='lat' dir='ltr'><strong>prope</strong></span> <span class='ocrx_word' id='word_1_387' title='bbox 1305 4140 1338 4178; x_wconf 88' lang='lat' dir='ltr'><strong>ac</strong></span> <span class='ocrx_word' id='word_1_388' title='bbox 1356 4123 1441 4177; x_wconf 83' lang='lat' dir='ltr'><strong>vacil-</strong></span> 
     </span>
     <span class='ocr_line' id='line_1_42' title="bbox 300 4211 1442 4286; baseline -0.003 -18"><span class='ocrx_word' id='word_1_389' title='bbox 300 4215 360 4268; x_wconf 87' lang='lat' dir='ltr'><strong>lans</strong></span> <span class='ocrx_word' id='word_1_390' title='bbox 378 4213 522 4268; x_wconf 88' lang='lat' dir='ltr'><strong>barbaries</strong></span> <span class='ocrx_word' id='word_1_391' title='bbox 541 4215 615 4268; x_wconf 90' lang='lat' dir='ltr'><strong>intra</strong></span> <span class='ocrx_word' id='word_1_392' title='bbox 633 4215 717 4270; x_wconf 85' lang='lat' dir='ltr'><strong>breve</strong></span> <span class='ocrx_word' id='word_1_393' title='bbox 736 4217 847 4286; x_wconf 87' lang='lat' dir='ltr'><strong>tempus</strong></span> <span class='ocrx_word' id='word_1_394' title='bbox 865 4219 927 4270; x_wconf 89' lang='lat' dir='ltr'><strong>tota</strong></span> <span class='ocrx_word' id='word_1_395' title='bbox 944 4215 1074 4285; x_wconf 87' lang='lat' dir='ltr'><strong>pellatur.</strong></span> <span class='ocrx_word' id='word_1_396' title='bbox 1103 4214 1183 4281; x_wconf 86' lang='lat' dir='ltr'><strong>Quod</strong></span> <span class='ocrx_word' id='word_1_397' title='bbox 1197 4217 1229 4268; x_wconf 88' lang='lat' dir='ltr'><strong>ut</strong></span> <span class='ocrx_word' id='word_1_398' title='bbox 1242 4213 1300 4281; x_wconf 88' lang='lat' dir='ltr'><strong>fiat,</strong></span> <span class='ocrx_word' id='word_1_399' title='bbox 1318 4211 1360 4267; x_wconf 89' lang='lat' dir='ltr'><strong>tui</strong></span> <span class='ocrx_word' id='word_1_400' title='bbox 1375 4227 1442 4280; x_wconf 90' lang='lat' dir='ltr'><strong>quo·</strong></span> 
     </span>
     <span class='ocr_line' id='line_1_43' title="bbox 299 4301 1443 4372; baseline -0.002 -16"><span class='ocrx_word' id='word_1_401' title='bbox 299 4320 353 4372; x_wconf 90' lang='lat' dir='ltr'><strong>que</strong></span> <span class='ocrx_word' id='word_1_402' title='bbox 381 4303 502 4357; x_wconf 81' lang='lat' dir='ltr'><strong>muneris</strong></span> <span class='ocrx_word' id='word_1_403' title='bbox 531 4303 595 4370; x_wconf 72' lang='lat' dir='ltr'><strong>crit,</strong></span> <span class='ocrx_word' id='word_1_404' title='bbox 624 4303 737 4358; x_wconf 87' lang='lat' dir='ltr'><strong>iuterim</strong></span> <span class='ocrx_word' id='word_1_405' title='bbox 760 4305 854 4357; x_wconf 84' lang='lat' dir='ltr'><strong>autem</strong></span> <span class='ocrx_word' id='word_1_406' title='bbox 878 4301 995 4358; x_wconf 87' lang='lat' dir='ltr'><strong>Luciani</strong></span> <span class='ocrx_word' id='word_1_407' title='bbox 1017 4302 1129 4357; x_wconf 87' lang='lat' dir='ltr'><strong>libellos</strong></span> <span class='ocrx_word' id='word_1_408' title='bbox 1161 4318 1229 4370; x_wconf 88' lang='lat' dir='ltr'><strong>quos</strong></span> <span class='ocrx_word' id='word_1_409' title='bbox 1259 4301 1380 4371; x_wconf 83' lang='lat' dir='ltr'><strong>parturis</strong></span> <span class='ocrx_word' id='word_1_410' title='bbox 1411 4303 1443 4355; x_wconf 92' lang='lat' dir='ltr'><strong>ut</strong></span> 
     </span>
     <span class='ocr_line' id='line_1_44' title="bbox 300 4390 1443 4462; baseline -0.002 -16"><span class='ocrx_word' id='word_1_411' title='bbox 300 4392 523 4462; x_wconf 87' lang='lat' dir='ltr'><strong>quamprimum</strong></span> <span class='ocrx_word' id='word_1_412' title='bbox 542 4391 668 4457; x_wconf 85' lang='lat' dir='ltr'><strong>enitaris,</strong></span> <span class='ocrx_word' id='word_1_413' title='bbox 688 4390 823 4446; x_wconf 86' lang='lat' dir='ltr'><strong>Lucinam</strong></span> <span class='ocrx_word' id='word_1_414' title='bbox 842 4391 901 4460; x_wconf 85' lang='lat' dir='ltr'><strong>ipse</strong></span> <span class='ocrx_word' id='word_1_415' title='bbox 921 4392 1038 4462; x_wconf 85' lang='lat' dir='ltr'><strong>supplex</strong></span> <span class='ocrx_word' id='word_1_416' title='bbox 1055 4391 1207 4459; x_wconf 84' lang='lat' dir='ltr'><strong>invocabo,</strong></span> <span class='ocrx_word' id='word_1_417' title='bbox 1226 4393 1259 4446; x_wconf 90' lang='lat' dir='ltr'><strong>ut</strong></span> <span class='ocrx_word' id='word_1_418' title='bbox 1276 4408 1357 4460; x_wconf 90' lang='lat' dir='ltr'><strong>opem</strong></span> <span class='ocrx_word' id='word_1_419' title='bbox 1377 4391 1443 4445; x_wconf 90' lang='lat' dir='ltr'><strong>huic</strong></span> 
     </span>
     <span class='ocr_line' id='line_1_45' title="bbox 301 4479 1443 4550; baseline -0.001 -15"><span class='ocrx_word' id='word_1_420' title='bbox 301 4481 378 4550; x_wconf 87' lang='lat' dir='ltr'><strong>operi</strong></span> <span class='ocrx_word' id='word_1_421' title='bbox 396 4481 584 4550; x_wconf 87' lang='lat' dir='ltr'><strong>pulcherrimo</strong></span> <span class='ocrx_word' id='word_1_422' title='bbox 603 4483 687 4548; x_wconf 79' lang='lat' dir='ltr'><strong>ferat,</strong></span> <span class='ocrx_word' id='word_1_423' title='bbox 711 4497 767 4548; x_wconf 89' lang='lat' dir='ltr'><strong>quo</strong></span> <span class='ocrx_word' id='word_1_424' title='bbox 790 4479 809 4533; x_wconf 87' lang='lat' dir='ltr'><strong>ii</strong></span> <span class='ocrx_word' id='word_1_425' title='bbox 834 4479 881 4549; x_wconf 86' lang='lat' dir='ltr'><strong>qui</strong></span> <span class='ocrx_word' id='word_1_426' title='bbox 910 4481 1099 4536; x_wconf 82' lang='lat' dir='ltr'><strong>mansuetiora</strong></span> <span class='ocrx_word' id='word_1_427' title='bbox 1118 4481 1262 4536; x_wconf 86' lang='lat' dir='ltr'><strong>sectantur</strong></span> <span class='ocrx_word' id='word_1_428' title='bbox 1280 4479 1383 4546; x_wconf 82' lang='lat' dir='ltr'><strong>studia,</strong></span> <span class='ocrx_word' id='word_1_429' title='bbox 1409 4495 1443 4534; x_wconf 82' lang='lat' dir='ltr'><strong>er</strong></span> 
     </span>
    </p>
   </div>
   <div class='ocr_carea' id='block_1_5' title="bbox 0 0 1650 5070">
    <p class='ocr_par' dir='ltr' id='par_1_5' title="bbox 0 0 1650 5070">
     <span class='ocr_line' id='line_1_46' title="bbox 0 0 1650 5070; baseline 0 0"><span class='ocrx_word' id='word_1_430' title='bbox 0 0 1650 5070; x_wconf 95' lang='lat' dir='ltr'><strong> </strong></span> 
     </span>
    </p>
   </div>
  </div>
 </body>
</html>
