3338 5072
505 421 769 472 aunnnnrronrs
793 422 1001 472 rnnvnrunrr.
1260 407 1324 474 301

179 566 239 650 ligi
273 569 384 651 potest
416 588 498 651 quae
531 566 662 632 uberius
695 566 906 633 disseruimus
938 566 1044 632 Musei
1076 567 1180 632 nostri
1212 566 1327 652 philol.

178 677 201 740 t
225 671 273 738 IV
296 695 326 757 p.
349 672 414 740 568
430 694 499 758 sqq.
525 675 580 755 [=
599 672 717 759 Opusc.
741 674 820 759 phil.
842 673 876 738 II
898 697 929 759 p.
943 675 1008 740 319
1024 677 1116 760 sqq.].
1154 673 1327 740 Praeterea

179 779 247 844 veri
271 779 377 846 simile
406 783 456 844 est
484 780 624 846 caruisse
647 780 741 845 illum
764 802 977 865 personarum
1000 781 1087 846 notis
1110 780 1145 844 in
1168 781 1326 846 continui·

179 889 247 952 tate
270 907 465 970 sermonum,
488 907 546 971 pro
570 887 680 972 eisque
704 908 808 954 vacua
830 888 938 972 spatia
960 884 1114 952 habuisse
1132 887 1233 953 minio
1253 909 1326 971 sup·

179 992 311 1077 plenda:
335 991 420 1077 quod
444 1013 517 1056 cum
540 992 691 1076 deinceps
714 1011 780 1058 non
802 993 903 1075 fieret,
927 991 1036 1058 evenit
1059 996 1095 1057 ut
1118 993 1325 1078 postmodum

179 1099 230 1186 (in
252 1121 272 1176 γ
296 1095 391 1184 puto)
419 1099 523 1164 multa
550 1100 838 1166 sermocinantium
866 1099 999 1165 nomina
1021 1121 1039 1164 e
1063 1100 1248 1167 coniectura
1270 1099 1325 1165 ad·

179 1206 285 1272 denda
316 1209 434 1272 essent.
479 1203 596 1273 Secuta
630 1210 680 1272 est
712 1229 750 1272 ea
782 1210 887 1291 aetas,
918 1229 984 1291 qua
1015 1211 1048 1274 et
1077 1205 1325 1291 Amphitruonis

180 1334 314 1378 scaenae
347 1313 504 1398 quaedam
536 1316 569 1378 et
601 1334 669 1378 una
691 1334 763 1378 cum
787 1313 977 1380 Aululariae
1013 1312 1103 1378 exitu
1137 1315 1326 1398 contiguum

180 1419 375 1506 principium
390 1419 588 1487 Bacchidum
603 1420 844 1487 interciderunt.
877 1421 938 1486 His
957 1421 1059 1506 igitur
1072 1419 1227 1505 partibus.
1240 1441 1326 1485 care-

180 1525 239 1592 bat
266 1526 294 1591 is
318 1525 418 1592 codex
442 1548 538 1611 quem
562 1532 580 1609 β
602 1527 715 1594 littera
739 1527 953 1614 signavimus,
987 1528 1131 1612 integras
1155 1527 1326 1592 etiamtum

179 1631 346 1718 Casinam,
378 1631 596 1699 Cistellariam
624 1638 792 1719 totumue
815 1631 1017 1700 Vidnlariam
1045 1639 1174 1718 tenens,
1206 1633 1327 1719 quippe

179 1761 259 1824 quas
283 1739 411 1806 fabulas
434 1740 581 1824 integras
604 1743 696 1804 sexto
720 1740 850 1806 saeculo
873 1739 1058 1806 Priscianus
1081 1743 1248 1806 tractaret
1288 1739 1327 1806 In

180 1847 293 1913 eodem
312 1847 362 1913 sel
382 1844 525 1910 eiusdem
553 1846 683 1931 generis
711 1846 819 1913 codice
842 1851 922 1930 puto
947 1844 1167 1912 Mostellariaa
1191 1869 1326 1914 scaenas

180 1954 321 2038 primum
340 1954 493 2020 traiecteu
512 1975 597 2018 esse:
616 1954 732 2020 harum
751 1953 836 2018 enim
857 1953 1025 2018 turbarum
1039 1953 1206 2040 Parergon
1220 1977 1250 2039 p.
1260 1955 1325 2020 439

180 2061 361 2136 monstravi
385 2083 457 2126 earn
480 2061 641 2127 rationem
665 2082 744 2145 esse,
767 2066 805 2126 ut
827 2061 866 2126 de
890 2061 1074 2127 vicenorum
1097 2059 1163 2146 (sel
1186 2062 1327 2128 fortasse

181 2167 255 2254 xxi)
284 2189 436 2234 versuum
464 2169 594 2254 paginis
622 2166 833 2254 cogitandum
862 2169 918 2234 sit:
960 2171 1011 2234 tot
1042 2168 1144 2253 igitur
1175 2189 1326 2234 versuum

182 2296 367 2340 mensuram
405 2273 516 2362 (quam
553 2276 641 2342 sides
678 2297 779 2360 parvo
816 2275 1000 2341 discrimino
1038 2274 1079 2340 ab
1117 2275 1327 2342 Ambrosiani

181 2403 297 2446 norma
319 2382 457 2469 distare)
487 2382 589 2448 codici
615 2387 632 2463 β
660 2403 698 2448 eo
726 2381 938 2448 confidentius
961 2382 1088 2466 tribuo,
1119 2404 1183 2467 quo
1207 2383 1326 2450 certius

180 2488 245 2554 iam
274 2509 372 2572 supra
400 2489 551 2573 apparuit
579 2488 679 2554 alium
703 2497 855 2555 versuum
877 2510 1045 2554 numerum
1070 2487 1101 2558 h.
1125 2511 1152 2555 a.
1175 2512 1326 2557 senorum

181 2598 214 2659 et
237 2594 422 2661 vicenorum
445 2595 480 2660 in
505 2617 543 2662 eo
566 2595 676 2680 fuisse,
699 2593 784 2660 unde
807 2596 911 2662 nostri
930 2596 1149 2681 antiquissimi
1168 2597 1327 2682 originem

179 2701 347 2768 duxerunt
389 2701 484 2768 Hunc
506 2724 526 2779 γ
550 2701 630 2768 dixi:
653 2701 709 2787 qui
733 2723 798 2786 qua
821 2703 1007 2770 condicione
1030 2708 1099 2770 tum
1123 2704 1231 2790 fuerit,
1253 2729 1325 2772 cum
1341 2727 1442 2768 xxxrx

180 2813 349 2892 tamquam
367 2809 517 2874 traduces
536 2809 618 2874 alios
636 2811 772 2894 peperit,
795 2811 876 2876 satis
895 2809 1010 2876 doecre
1028 2809 1186 2877 hodierna
1204 2813 1326 2896 species

181 2913 366 2979 fabularum
395 2913 619 2980 Plautinarum
645 2918 768 3000 potest,
799 2917 993 3001 praesertim
1020 2937 1093 2982 curn
1117 2917 1327 2986 Ambrosiani

180 3022 329 3107 exemplo
357 3025 553 3106 comparata
597 3021 683 3088 Nam
711 3045 785 3088 curn
809 3023 1058 3109 Amphitruonis
1068 3025 1101 3112 Ι’)
1124 3024 1327 3092 Aululariae-

181 3150 243 3213 que
261 3133 294 3194 et
311 3128 511 3194 Bacchidurn
529 3129 662 3194 lacunas
677 3133 774 3215 atquo
787 3129 1010 3198 Mostellariae
1028 3132 1140 3198 turbas
1159 3137 1326 3218 tamquam

181 3234 360 3302 hereditate
384 3237 570 3321 accepisset,
592 3258 678 3302 nova
701 3237 807 3302 clades
831 3238 911 3304 haec
935 3239 1081 3320 accessit,
1104 3243 1193 3306 utet
1211 3241 1245 3306 in
1264 3241 1327 3307 fine

180 3347 349 3409 sunaus
363 3341 534 3408 Vidularia
556 3347 680 3408 careret
702 3348 736 3410 ot
756 3345 792 3409 in
815 3345 922 3429 priore
945 3349 1038 3430 parte
1060 3347 1211 3430 plurimis
1230 3369 1327 3414 mem·

181 3449 292 3514 branis
315 3449 491 3535 deperditis
515 3450 607 3515 valde
630 3450 778 3516 mutilam
801 3450 938 3517 baberet
962 3449 1180 3518 Cistellariam
1204 3458 1237 3520 et
1260 3476 1326 3521 orn·

181 3555 260 3622 nino
282 3577 350 3622 non
372 3555 484 3640 paucis
508 3555 543 3621 in
566 3555 655 3640 locis,
679 3555 817 3623 Casinae
836 3559 1044 3642 potissimum
1063 3563 1096 3626 et
1114 3559 1327 3646 Cistellariae,

181 3663 250 3729 sire
278 3663 344 3728 situ¹
371 3664 405 3726 et
427 3662 558 3728 madore
582 3662 715 3728 affectus
739 3665 806 3730 sive
831 3665 940 3750 aliquo
964 3687 1041 3732 casu
1064 3667 1151 3733 lucer
1173 3667 1238 3753 legi
1261 3690 1327 3735 non

183 3824 394 3832 --——-—.-..-

270 3909 297 3980 ⁸)
317 3909 358 3964 De
379 3926 435 3966 una
453 3910 657 3982 Amphitruone
681 3911 739 3968 seio
762 3911 885 3968 dubitari
907 3931 989 3984 posse
1007 3917 1100 3972 utrum
1119 3914 1177 3972 iarn
1195 3917 1272 3987 prins
1291 3934 1328 3973 aa

180 4015 255 4054 nnnc
281 3998 393 4054 demam
418 3998 549 4056 mutilata
572 3999 623 4056 sit:
650 4001 763 4070 qnando
785 4001 820 4058 dc
844 4001 988 4060 Prisciano
1011 4020 1067 4060 non
1090 4005 1159 4062 satis
1177 4009 1255 4062 certa
1273 4022 1327 4076 res,

181 4089 294 4160 prolata
312 4104 346 4144 er
364 4088 517 4160 deperditis
535 4090 643 4146 maenis
658 4091 713 4148 duo
727 4091 892 4148 testimonia
905 4095 999 4148 utrum
1013 4093 1219 4164 antiquioribus
1232 4111 1328 4165 gram-

182 4176 294 4234 maticis
311 4181 429 4249 accepta
446 4178 552 4236 reserat
569 4197 606 4236 an
624 4196 691 4236 suae
710 4180 824 4236 lectioni
842 4180 953 4238 debeat
971 4213 1007 4224 -
1026 4182 1098 4238 Item
1117 4183 1194 4238 certo
1212 4183 1326 4240 demon·

182 4267 271 4322 struae
290 4265 361 4322 illud
378 4283 497 4338 nequeo,
516 4267 632 4324 Carinae
652 4269 884 4339 Cistellariscque
903 4271 1019 4326 lacunas
1032 4270 1251 4342 Vitulariaeque
1269 4271 1327 4328 iao-

179 4357 272 4411 tnram
290 4355 412 4426 primurn
427 4355 458 4412 in
470 4373 489 4422 γ
503 4357 653 4427 exstitisse,
671 4375 723 4414 neo
741 4357 771 4414 in
789 4361 819 4414 δε
838 4359 950 4415 demum
964 4361 1055 4416 factas
1069 4376 1138 4416 esse.
1167 4361 1208 4416 De
1222 4360 1326 4416 talibm

181 4443 316 4512 quoniam
339 4445 370 4500 in
393 4447 542 4515 unamque
566 4449 677 4517 partem
702 4447 852 4516 disceptari
877 4451 984 4519 potest,
1009 4450 1090 4521 posui
1112 4449 1188 4518 qnod
1211 4449 1327 4508 madere

181 4530 243 4602 ipsa
260 4532 302 4588 rei
320 4533 505 4603 probabilitas
525 4535 673 4592 videretur.
