3332 5074
290 379 356 443 440
577 394 842 444 naonacounur
865 395 912 442 oa
934 395 1145 444 asrrouruvs

291 537 483 606 documento
507 559 577 604 esse
600 541 751 621 possunt,
775 537 916 604 severius
940 561 1037 623 quam
1062 540 1167 604 verius
1192 539 1239 605 sic
1262 543 1375 624 statui,
1397 545 1434 604 ut

290 644 439 730 proxima
467 648 543 729 post
571 645 710 709 solutam
739 645 838 710 araim
868 645 996 729 syllaba
1023 646 1205 712 necessario
1234 669 1303 711 ease
1334 647 1434 732 longa

290 750 424 817 dicatur.
470 751 532 817 Est
555 774 594 816 ea
616 754 803 836 plerumque
827 753 939 839 longa:
963 753 1020 818 sed
1041 775 1100 818 nec
1122 755 1350 820 necessitatem
1372 755 1434 820 hoe

289 858 390 922 habet
412 878 471 922 nec
495 857 593 922 aliam
617 879 777 942 caussam,
806 881 901 943 quam
932 859 1017 943 quod
1045 859 1176 926 omnino
1204 860 1239 924 in
1261 859 1433 926 trochaicis

290 963 455 1028 tribracho
484 964 580 1049 longe
608 964 811 1049 frequentior
834 970 885 1030 est
907 968 1117 1050 anapaestus,
1149 967 1183 1030 in
1207 966 1354 1032 iambicis
1372 955 1433 1031 'uri-

289 1070 410 1136 hracho
434 1071 570 1155 ipsoque
593 1071 703 1136 iambo
726 1072 926 1156 frequencior
950 1072 1111 1157 spondens
1134 1073 1186 1136 vel
1210 1072 1368 1155 dactylus.

379 1176 516 1242 Perraro
555 1181 662 1243 autem
699 1179 999 1262 monosyllaborum
1037 1179 1169 1243 licentia
1209 1179 1268 1244 illa
1308 1179 1435 1244 videtur

290 1284 389 1348 etiam
413 1283 454 1348 ad
477 1283 685 1368 polysyllaba
708 1285 870 1349 translata
894 1307 975 1350 esse.
1021 1283 1096 1351 Non
1121 1284 1256 1351 Plautus
1278 1285 1356 1370 luit,
1379 1287 1434 1351 sed

257 1415 258 1420 ¹
290 1388 450 1456 recentior
479 1390 610 1475 aliquia,
643 1413 663 1455 a
690 1413 753 1475 quo
782 1390 862 1474 prol.
887 1391 982 1456 Merc.
1010 1392 1050 1456 13
1072 1393 1143 1456 aidi
1163 1392 1314 1457 umbras
1334 1393 1435 1472 socero

290 1497 471 1582 profectum
495 1517 565 1562 esse
589 1518 654 1561 non
678 1519 775 1562 ausus
799 1519 870 1562 sum
894 1518 1013 1583 negare
1036 1496 1202 1582 Parergon
1225 1520 1256 1581 p.
1283 1499 1332 1563 18.
1381 1496 1434 1562 Ab

290 1603 479 1668 Hermanno
503 1602 634 1687 probari
657 1603 751 1668 rideo
775 1596 960 1688 correptum
989 1605 1022 1668 in
1045 1605 1219 1670 bacchiaco
1243 1607 1318 1670 ante
1341 1627 1435 1670 voca-

291 1711 356 1775 lem
380 1710 586 1793 trisyllabum
609 1711 708 1793 copita
730 1709 828 1776 Poen.
850 1711 876 1796 I,
898 1713 930 1795 2,
953 1713 1009 1777 31:
1415 1705 1418 1716 ’

381 1851 480 1918 Sordr
502 1852 613 1937 cogitat
637 1852 764 1936 amabo,
788 1853 866 1918 item
890 1874 951 1918 nos
974 1853 1147 1939 perhiberi.

291 1979 377 2059 Hinc
401 1993 529 2061 defendi
552 1998 703 2079 potuerat
726 1994 761 2058 in
784 1994 871 2061 Trin.
897 1996 976 2098 272:

380 2126 469 2202 Bdni
493 2136 556 2200 sibi
579 2136 660 2201 haec
683 2137 851 2221 expetunt:
875 2137 953 2220 rem,
975 2136 1075 2216 fidem,
1098 2138 1259 2224 honorem,

291 2284 328 2344 ut
350 2271 432 2344 -dtm
453 2279 504 2344 bo
534 2279 600 2342 sint
630 2299 689 2361 pro
719 2301 784 2344 una
813 2278 912 2365 louge
943 2279 1004 2360 [sic
1027 2279 1156 2362 Trin.¹]:
1193 2282 1257 2348 nisi
1286 2283 1437 2366 perfacile

292 2389 367 2471 post
388 2407 436 2449 em
458 2385 603 2451 excidere
626 2391 656 2450 et
676 2385 827 2469 potuerit.
861 2385 900 2451 In
914 2385 1133 2453 Mostellariae
1156 2410 1251 2454 versu
1275 2388 1331 2472 IV,
1341 2390 1370 2472 2,
1380 2391 1437 2454 33:

382 2525 467 2603 Quoi
489 2527 638 2592 homini?
673 2526 740 2592 PH.
766 2550 817 2592 ero
841 2529 969 2594 nostro:
1000 2551 1132 2615 quaes0,
1155 2531 1305 2615 quotiens
1329 2529 1437 2597 dicun-

1145 2633 1254 2701 dumst
1277 2637 1339 2702 tibi

292 2798 357 2842 non
386 2781 462 2840 sunt
489 2798 547 2860 pro
577 2779 753 2860 anapaesto
777 2779 827 2840 -rci
848 2799 898 2841 ero
923 2778 1082 2860 syllabae,
1105 2778 1160 2842 aed
1184 2779 1219 2842 oi
1241 2779 1437 2864 producitur,

293 2905 357 2948 una
380 2887 489 2947 autem
513 2883 642 2968 syllaba
664 2883 892 2966 pronuntiatur
914 2905 973 2963 cro,
997 2889 1034 2949 ut
1052 2885 1085 2949 in
1104 2885 1313 2969 anapaestico
1334 2871 1436 2951 Stichi

293 2989 338 3072 II,
364 2992 392 3074 1,
414 2991 471 3056 40:

381 3131 488 3198 Nimis
511 3133 629 3198 uc‘llem
653 3131 714 3197 hae
737 3131 822 3197 fores
846 3153 933 3196 auru
955 3133 1129 3218 frigissent:

293 3274 331 3338 de
355 3296 419 3359 quo
443 3295 513 3359 cap.
536 3273 583 3338 XI
608 3275 651 3358 [p.
675 3275 753 3354 394]
779 3273 908 3340 dictum.

381 3380 490 3465 Atque
518 3380 553 3444 hi
582 3379 711 3465 quidem
733 3378 843 3446 hiatus
867 3381 901 3445 in
929 3382 1021 3466 arsi,
1054 3383 1083 3447 si
1107 3383 1202 3448 modo
1225 3385 1323 3468 fiunt,
1355 3385 1438 3450 fiunt

294 3509 418 3552 omnes:
442 3487 558 3572 quihus
582 3487 686 3552 multo
710 3486 808 3552 etiam
831 3487 1030 3554 incertiores·
1047 3492 1123 3554 sunt
1143 3490 1198 3575 qui
1217 3490 1349 3556 admissi
1368 3513 1438 3557 esse

205 3617 278 3658 ocur
293 3593 327 3657 in
352 3593 455 3657 thesi
478 3597 641 3676 putantur.
688 3592 716 3658 Ε
740 3592 857 3677 quibus
881 3595 987 3659 minus
1011 3595 1221 3662 dubitationis
1246 3619 1342 3682 quam
1366 3597 1439 3662 reli·

170 3786 171 3789 ¹
295 3699 350 3784 qui
382 3699 432 3763 illi
463 3699 600 3783 habent,
632 3720 706 3764 cum
734 3701 962 3784 anapaesticus
994 3702 1160 3767 anacrusis
1192 3703 1281 3788 prior
1309 3704 1439 3788 syllaba

232 3881 236 3898 Ι
294 3806 524 3890 monosyllaba
547 3829 624 3872 voce
648 3811 777 3872 constat
795 3807 829 3871 in
849 3809 981 3892 longam
1000 3808 1146 3874 vocalem
1166 3809 1333 3892 desinenti,
1357 3832 1438 3895 quae

294 3916 369 3978 unte
393 3914 616 3999 insequentem
641 3913 795 3996 vocalem,
818 3915 873 3980 sed
896 3916 930 3979 in
949 3916 1029 3999 ipsis
1049 3917 1263 4001 anapaesticis
1282 3917 1439 4001 versibus,

294 4019 497 4104 corripiatur.
554 4019 808 4086 Assentiendum
846 4019 931 4085 enim
968 4019 1156 4087 Hermanno
1193 4023 1319 4088 videtur
1356 4023 1457 4114 talea⁸

293 4127 512 4210 correptiones
535 4149 608 4192 cum
630 4126 724 4191 hiatu
747 4126 933 4193 coniunctas
957 4126 1140 4193 defendenti
1164 4125 1266 4194 Stichi
1280 4129 1327 4212 ΙΙ,
1346 4131 1372 4212 1,
1386 4131 1438 4194 50.

295 4233 367 4296 Aul.
386 4232 442 4317 IV,
461 4234 491 4318 9,
510 4235 539 4299 3.
554 4233 583 4300 5.
606 4233 724 4298 Bacch.
743 4234 827 4298 1126
843 4234 968 4315 [11651.
994 4234 1078 4299 1162
1096 4235 1226 4316 [119912

384 4374 467 4452 Quid
491 4375 576 4440 istrie
599 4375 671 4440 est?
718 4373 805 4451 Quas
829 4375 863 4438 at
886 4376 961 4442 edes
986 4375 1158 4441 colubras?
1203 4427 1431 4442 ......

392 4529 577 4544 .....
618 4483 1439 4567 mmmmmfflmfflmm
