3302 5076
301 371 366 436 662
678 383 911 432 usrsrruscua
935 384 1062 432 sunau.

301 532 377 596 ante
401 533 546 594 actarum
570 526 774 610 memoriam,
802 549 898 611 quarn
926 525 1084 592 historiae
1107 526 1238 592 nomine
1261 523 1446 608 complecti-

299 659 380 719 mur,
403 657 440 702 ex
464 656 575 700 earum
598 655 705 699 rerum
730 633 808 698 orbe
835 633 904 697 sine
931 654 1023 697 mora
1053 629 1301 716 exturbandam,
1328 632 1446 716 quibus

301 767 373 811 cum
401 743 509 808 fructu
537 743 571 806 et
599 761 690 804 mens
719 739 791 804 acui
814 742 847 804 et
868 738 997 804 incitari
1020 737 1170 804 voluntas
1193 741 1227 803 et
1250 737 1446 804 conformari

301 850 429 915 animus
457 849 619 914 humanus
649 845 753 912 adhuc
781 845 923 911 creditus
948 849 1013 930 est,
1036 867 1096 912 nee
1119 845 1154 910 in
1179 843 1354 910 Germania
1376 849 1446 910 tan-

300 962 370 1022 tum
395 955 552 1038 creditus,
575 953 631 1019 sed
654 953 738 1018 inter
761 974 816 1017 eas
840 952 928 1035 ipsas
952 958 1080 1038 gentes,
1104 973 1240 1036 quarum
1264 952 1447 1035 exemplum

302 1064 394 1129 unice
417 1061 607 1127 intuendum
630 1063 663 1124 et
686 1057 884 1144 sequendum
914 1058 1036 1124 inertes
1064 1058 1111 1123 illi
1136 1058 1315 1125 nebulones
1339 1058 1447 1125 clami-

301 1174 390 1254 tant,
417 1168 593 1234 Britannos
622 1165 925 1250 Francogallosque.
971 1163 1033 1242 Qui
1064 1165 1092 1230 si
1123 1165 1200 1250 quid
1229 1169 1358 1250 praeter
1386 1187 1447 1231 nos

301 1277 510 1362 praecipuum
538 1275 573 1339 in
601 1272 769 1359 republica
795 1271 933 1356 habent,
963 1293 1027 1337 non
1058 1271 1092 1337 id
1118 1272 1264 1357 profecto
1294 1273 1400 1358 magis
1428 1295 1449 1337 a

303 1403 337 1448 se
361 1403 458 1466 quam
481 1381 566 1445 inter
589 1401 648 1445 nos
671 1378 830 1464 neglectis
854 1378 1059 1464 antiquitatis
1083 1378 1199 1444 studiis
1223 1377 1356 1444 debent:
1384 1401 1448 1464 quo

302 1489 338 1553 in
366 1507 483 1571 genere
511 1489 669 1570 quantum
698 1489 762 1569 est,
789 1507 852 1570 quo
879 1506 940 1550 nos
967 1484 1035 1549 illis
1062 1486 1208 1570 potiores
1237 1484 1351 1569 arima,
1378 1489 1447 1550 tsn-

304 1600 373 1659 tum
400 1593 568 1658 habebunt
595 1592 680 1678 quod
708 1593 870 1657 nobismet
898 1592 1064 1658 inrideant
1088 1593 1129 1657 ab
1153 1593 1336 1678 eisdemque
1359 1614 1449 1678 repe-

303 1705 384 1766 tant
429 1699 566 1765 Possum
593 1699 674 1764 haee
701 1697 850 1783 persequi
878 1697 1023 1784 longius:
1054 1697 1111 1764 sed
1140 1697 1236 1764 redeo
1263 1700 1346 1764 unde
1376 1722 1448 1784 pro-

304 1806 406 1872 fectus
436 1828 516 1871 sum.
561 1804 685 1870 Eorum
714 1805 799 1870 enim
829 1825 911 1888 quae
935 1805 1068 1888 exposui
1091 1805 1261 1871 veritatem
1285 1806 1345 1872 etsi
1369 1807 1449 1872 satis

273 1943 295 1983 x
310 1913 453 1979 munisse
476 1913 736 1979 ratiocinationis
760 1912 792 1976 vi
815 1911 973 1996 videmur,
1002 1916 1111 1978 tamen
1139 1913 1167 1978 si
1190 1914 1288 1979 cuam
1312 1913 1450 1979 auctori·

304 2021 384 2087 tatis
415 2020 557 2105 pondere
594 2019 779 2085 confirmari
811 2019 972 2104 postules,
1004 2041 1124 2105 ecquae
1152 2019 1285 2105 reperiri
1319 2020 1449 2106 gravior

304 2150 401 2212 quarn
421 2124 600 2193 Gvrususu
625 2127 849 2194 Hvusounru
871 2125 1035 2210 potuerit?
1081 2126 1144 2204 Qui
1168 2127 1296 2212 quidem
1320 2130 1449 2192 tautum

304 2235 399 2300 abest
421 2238 459 2299 ut
482 2235 657 2300 subsistere
686 2255 781 2319 posse
804 2234 838 2297 in
863 2254 900 2298 eo
925 2255 1020 2317 quem
1043 2233 1241 2299 instituisset
1263 2256 1359 2299 cursu
1382 2233 1450 2298 sive

305 2362 406 2428 genus
433 2339 613 2406 humanum
641 2341 708 2406 sive
736 2341 838 2406 vitam
867 2339 1074 2424 populorum,
1106 2338 1223 2406 dedum
1251 2343 1338 2406 retro
1367 2339 1450 2407 verti

305 2447 489 2526 crediderit,
521 2451 557 2510 ut
588 2468 654 2512 non
667 2445 749 2524 ,nisi
776 2445 1013 2531 progrediendo
1044 2445 1085 2510 ad
1115 2445 1349 2512 beatitudinem
1378 2467 1448 2530 per·

305 2554 408 2620 veniri
439 2557 472 2620 et
501 2553 786 2637 persuasissimum
817 2551 968 2617 habuerit
998 2556 1031 2616 et
1058 2552 1238 2617 luculenter
1266 2574 1324 2618 suo
1347 2553 1449 2637 ipsius

306 2660 451 2745 exemplo
471 2659 707 2744 comprobarit:
732 2695 773 2706 -
798 2664 832 2724 et
853 2662 964 2724 tamen
986 2658 1081 2744 idem,
1105 2659 1133 2723 si
1157 2659 1229 2742 quis
1253 2659 1345 2744 alius,
1368 2682 1451 2743 quae

306 2767 354 2834 vis
378 2771 464 2833 esset
485 2765 656 2850 historiae,
683 2765 763 2832 adeo
790 2768 1012 2850 perspexerat,
1039 2768 1076 2830 ut
1104 2769 1138 2831 et
1167 2765 1312 2834 ueritatis
1340 2765 1451 2831 inven-

304 2874 418 2940 tricem
437 2878 471 2939 et
488 2873 722 2958 indagatricem
742 2871 872 2938 virtutis
890 2871 1106 2957 vitiorumque
1125 2871 1346 2956 expultricem,
1364 2871 1451 2936 deni-

305 3003 366 3067 que
397 2980 482 3046 vitae
513 2978 627 3045 ducem
661 2983 694 3044 et
723 2979 915 3064 magistram
945 2999 1017 3044 curn
1051 2976 1292 3062 sapientissimo
1324 2999 1451 3064 quoque

306 3087 514 3152 existimaret.
543 3120 585 3134 —-
613 3083 682 3151 Nec
709 3089 820 3151 tamen
846 3085 953 3150 minus
982 3084 1023 3149 ab
1054 3083 1119 3149 alia
1148 3082 1204 3148 ille
1236 3085 1451 3169 perversitate

305 3195 428 3259 alienus
447 3197 526 3277 erat,
549 3215 647 3278 quam
665 3191 700 3256 in
718 3191 785 3257 dies
804 3213 932 3276 serpere
951 3191 1049 3257 latius
1073 3194 1106 3256 et
1127 3190 1338 3275 perniciosius
1362 3212 1451 3277 gras-

177 3315 181 3326 '
306 3301 372 3367 sari
394 3322 459 3366 non
483 3301 553 3365 sine
577 3319 702 3364 summo
725 3320 870 3364 maerore
890 3298 1134 3383 vehementique
1157 3297 1381 3383 indignatione
1405 3298 1451 3364 vi·

306 3407 426 3472 demus.
474 3405 537 3472 Vix
565 3407 651 3472 enim
682 3427 752 3471 esse
774 3405 900 3490 credas,
926 3405 991 3470 nisi
1019 3404 1152 3471 cottidie
1180 3405 1359 3490 experiare,
1386 3409 1450 3470 ter-

306 3514 388 3578 tium
408 3534 511 3598 genus
531 3512 693 3599 quoddam
712 3511 890 3592 hominum,
914 3513 965 3578 vel
984 3512 1208 3578 tenebrionum
1226 3511 1335 3595 potius
1354 3534 1452 3596 quam

307 3619 487 3704 hominum,
515 3619 584 3705 qui,
612 3640 747 3684 caecam
774 3619 950 3703 cupiditate
978 3618 1105 3703 abrepti
1134 3617 1240 3682 dicam
1269 3639 1310 3682 an
1333 3617 1452 3684 indolis

306 3725 501 3792 hebetudine
523 3724 713 3809 praepediti,
736 3747 753 3790 e
777 3724 946 3810 religionis
964 3725 1173 3809 potissimum
1192 3727 1452 3809 armamentario,

306 3837 340 3898 et
367 3832 436 3898 eius
465 3829 593 3917 quidem
621 3831 803 3917 religionis,
832 3853 913 3916 quae
941 3831 1087 3897 caritatis
1115 3835 1213 3916 atque
1241 3830 1387 3898 veritatis
1415 3836 1452 3898 ut

305 3940 445 4006 habetur
473 3939 521 4003 ita
548 3940 610 4022 est,
638 3938 704 4002 tela
730 3940 845 4021 petant
873 3936 912 4002 ad
941 3935 1084 4002 Graecae
1112 3937 1342 4022 Romanaeque
1369 3940 1451 4004 anti-

306 4047 440 4132 quitatis
474 4067 546 4112 cum
579 4045 759 4132 ingenitam
786 4045 1022 4129 praestantiam
1054 4049 1124 4111 tum
1155 4045 1312 4112 hodierna
1343 4046 1452 4112 studia

305 4151 537 4239 impugnanda,
555 4151 594 4218 de
612 4151 722 4218 nescio
742 4173 805 4236 quo
824 4151 967 4236 periculo
987 4152 1194 4236 somniantes,
1213 4152 1299 4238 quod
1318 4175 1335 4218 e
1354 4154 1451 4239 longe

306 4259 521 4326 illustrissimi
554 4256 767 4324 humanitatis
800 4257 939 4343 exempli
971 4258 1170 4343 cogitatione
1203 4263 1298 4345 atquc
1330 4263 1450 4325 tracta-

306 4367 395 4432 tione
419 4365 588 4432 imminere
612 4388 676 4432 uon
700 4371 768 4430 tarn
791 4365 905 4431 virtuti
928 4368 961 4431 et
988 4366 1084 4432 bonis
1112 4365 1257 4431 moribus
1280 4369 1314 4431 et
1336 4367 1451 4451 pietati

308 4493 404 4556 quam
419 4470 624 4539 Christianae
643 4471 717 4538 fidei
731 4470 896 4538 sanctitati
910 4475 1058 4556 crepant:
1078 4471 1170 4558 quasi
1185 4471 1235 4536 vel
1249 4471 1334 4556 huic,
1352 4471 1450 4539 mode
