3302 5076
301 379 369 445 666
681 395 918 445 asrsrurscsm
939 396 1064 445 annau.

299 538 515 604 humanarum
542 539 613 605 sine
640 539 870 624 praeiudicatis
898 539 1105 625 opinionibus
1134 539 1347 625 existimatio,
1373 545 1444 606 tum

299 629 334 710 in
358 645 429 729 ipso
453 667 586 711 munere
608 646 691 712 illud
713 645 896 731 laudamus,
923 647 1009 732 quod
1032 647 1089 732 qui
1116 668 1154 712 eo
1181 646 1345 732 fungitur,
1371 669 1444 713 cum

303 755 336 817 66
358 751 525 838 dignitatis
549 775 626 817 suae
649 754 900 837 perpetuitatem
923 754 1059 837 habeat,
1081 775 1140 819 nec
1164 752 1208 817 sit
1229 752 1300 838 ipse
1322 753 1445 838 profes-

299 879 409 923 sorum
432 881 566 924 numero
590 859 854 946 comprehensus,
882 860 978 926 166116
1000 863 1110 945 potest
1138 863 1171 924 et
1193 859 1324 943 rectius,
1347 882 1443 945 quam

299 986 437 1049 quorum
465 989 591 1032 annuus
624 967 837 1051 magistratus
870 971 933 1050 est,
965 988 1072 1032 rerum
1107 987 1267 1032 summam
1298 967 1444 1032 contueri

300 1072 611 1158 continuitatemque
635 1093 774 1158 servare,
795 1077 828 1138 66
851 1074 999 1140 simodo
1023 1073 1102 1140 velit
1124 1072 1165 1138 ab
1189 1073 1278 1138 omni
1301 1073 1443 1157 partium

302 1179 409 1245 studio
438 1179 562 1245 alienus
592 1201 671 1246 csse.
716 1179 753 1245 Id
781 1180 882 1265 igitur
904 1179 1091 1246 institutum
1115 1180 1172 1266 qui
1193 1201 1259 1246 non
1281 1201 1320 1245 ex
1343 1179 1443 1245 animi

300 1285 461 1351 sententia
481 1286 696 1371 suspiciamus
717 1307 754 1352 ac
772 1287 866 1352 nobis
885 1287 1087 1372 gratulemur
1104 1287 1211 1372 potius
1230 1308 1327 1372 quam
1347 1308 1443 1373 aegre

298 1391 441 1458 feramus
465 1394 516 1459 vel
540 1393 620 1460 adeo
648 1393 854 1479 infestamus,
882 1395 1001 1480 quippe
1029 1393 1114 1479 quod
1141 1414 1207 1459 non
1230 1391 1282 1479 (66
1305 1394 1442 1460 alterum

298 1497 394 1584 illud)
425 1499 465 1564 ad
493 1500 730 1584 reprimendam
758 1501 1030 1586 coercendamque
1057 1501 1320 1566 universitatium
1348 1501 1442 1566 liber·

298 1609 401 1670 tatem
432 1611 568 1692 spectet,
598 1606 656 1672 sed
685 1607 757 1693 ipso
788 1607 918 1674 nomine
947 1611 1090 1672 testante
1120 1629 1232 1673 eorum
1265 1607 1443 1674 commodis

297 1712 480 1778 curandis
504 1714 690 1798 iuribusque
714 1713 843 1780 tuendis
866 1714 1038 1798 inserviat,
1060 1713 1286 1799 insignemque
1312 1715 1352 1780 ab
1376 1715 1443 1779 11116

297 1819 438 1904 gratiam
470 1820 552 1885 inire
582 1821 773 1887 fortitudine
802 1825 835 1886 et
861 1821 1045 1886 constantia
1078 1821 1208 1904 possit?
1257 1820 1303 1886 lut
1333 1825 1443 1888 tamen

296 1925 441 2010 iniquam
465 1927 726 1994 universitatium
750 1928 914 1994 fortunam
938 1928 1124 2013 querimur?
1165 1927 1329 1994 Nimirum
1352 1951 1442 1994 cura·

298 2035 386 2098 tores
416 2055 541 2118 quoque
570 2035 644 2100 illos
672 2035 804 2119 publica
832 2039 978 2120 potestas
1006 2035 1164 2120 civitatis,
1192 2033 1339 2119 ingenita
1365 2056 1442 2119 qua·

299 2139 374 2204 dam
397 2139 585 2208 dominandi
609 2139 765 2208 aviditate
788 2141 986 2208 incrementa
1004 2141 1145 2226 undique
1163 2163 1327 2226 aucupans
1346 2145 1443 2227 atque

296 2251 501 2333 consectans,
528 2247 615 2314 haud
642 2269 716 2312 rarc
744 2248 794 2313 sui
822 2248 930 2332 potius
961 2248 1090 2314 arbitrii
1113 2247 1321 2315 administros
1345 2270 1442 2334 quam

299 2353 561 2420 universitatium
593 2357 749 2438 patronos
783 2357 816 2418 et
848 2355 1106 2440 propugnatores
1140 2374 1210 2418 esse
1242 2353 1354 2420 voluit
1404 2353 1442 2420 In

297 2463 449 2545 promptu
473 2464 550 2526 sunt
572 2461 721 2545 exempla
749 2457 803 2544 (de
828 2459 1004 2526 Germania
1026 2459 1180 2526 universa
1202 2458 1337 2547 cogito),
1365 2484 1442 2547 quo-

296 2567 381 2632 tiens
400 2566 483 2632 nihil
507 2567 668 2632 valuerint
691 2567 762 2632 iura
785 2567 968 2633 academica
990 2566 1229 2632 defendentium
1252 2567 1303 2632 vel
1327 2568 1442 2633 acerri-

296 2694 368 2738 mae
399 2673 633 2739 contentiones.
680 2673 788 2758 Atque
818 2674 853 2738 in
883 2671 1004 2738 talibus
1035 2671 1164 2758 quidem
1193 2694 1300 2738 rerum
1331 2673 1441 2740 discri-

296 2780 439 2846 minibus
479 2779 749 2864 adversarumque
789 2779 1024 2845 sententiarum
1066 2779 1296 2845 certaminibus
1338 2781 1441 2847 iustas

296 2887 508 2972 propriasque
537 2886 716 2972 opitulandi
744 2886 862 2952 saltem
890 2889 923 2951 66
951 2884 1163 2950 contendendi
1190 2889 1299 2970 partes
1322 2886 1440 2952 merito

295 2997 460 3078 exspectes
491 2991 600 3079 (redeo
632 2993 719 3059 enim
746 2991 830 3058 unde
860 2991 1029 3077 degressus
1061 2989 1147 3078 sum)
1180 3015 1307 3059 summo
1338 2993 1440 3078 magi-

296 3101 413 3166 stratui
437 3099 621 3166 academico
644 3100 675 3165 h.
700 3121 726 3164 6.
750 3097 884 3165 Senatui
907 3120 980 3164 cum
1000 3095 1137 3164 Rectore
1161 3121 1219 3166 suo
1243 3101 1336 3166 datas
1360 3121 1441 3186 esse,

294 3211 332 3273 ut
353 3228 452 3292 penes
476 3230 571 3293 quem
589 3231 655 3274 non
673 3207 875 3273 conditarum
893 3208 1021 3271 tantum
1041 3209 1149 3271 aetate
1168 3205 1440 3290 universitatium,

296 3314 351 3380 sed
384 3336 443 3398 per
465 3314 694 3399 longissimum
723 3313 810 3398 quod
838 3311 1045 3378 subsecutum
1078 3316 1129 3377 est
1155 3313 1311 3398 temporis
1343 3314 1440 3379 inter·

295 3421 418 3487 vallum
449 3443 557 3487 rerum
590 3443 718 3486 summa
746 3424 779 3485 66
806 3420 984 3487 auctoritas
1012 3418 1118 3485 omnis
1146 3441 1246 3484 unum
1275 3423 1309 3485 et
1334 3420 1440 3487 solum

295 3528 401 3593 fuerit.
447 3527 569 3592 Verum
591 3528 626 3592 in
648 3526 731 3592 hanc
755 3525 923 3611 regionem
946 3526 1002 3591 ubi
1026 3525 1137 3592 oculos
1161 3527 1354 3610 conicimus,
1383 3526 1438 3592 do·

295 3633 383 3700 leudi
411 3634 499 3699 iusta
526 3637 719 3719 argumenta
745 3654 858 3700 revera
885 3637 1018 3729 praesto
1046 3653 1116 3698 6666
1139 3655 1205 3699 non
1228 3637 1279 3698 est
1300 3633 1440 3700 infitian-

296 3739 381 3806 dum.
428 3739 521 3817 Quod
550 3740 680 3824 quidem
708 3741 755 3806 sic
782 3740 908 3806 videtur
935 3761 1031 3825 posse
1059 3740 1240 3808 accuratius
1268 3740 1441 3826 designari,

294 3853 331 3915 ut
348 3869 407 3914 nec
427 3847 507 3912 satis
522 3847 618 3912 certis
637 3847 755 3914 finibus
773 3848 940 3932 cuiusque
960 3848 1171 3933 magistratus
1190 3847 1261 3912 iura
1280 3851 1313 3913 et
1332 3847 1440 3913 officia

294 3953 538 4038 circumscripta
572 3975 746 4039 eorumque
774 3960 904 4020 mutuas
931 3954 1074 4020 rationes
1102 3954 1340 4020 &acuminatas
1368 3975 1439 4020 esse

294 4060 449 4145 dieamus,
472 4064 602 4127 atvero
626 4084 647 4126 a
669 4060 864 4146 quibusdam
886 4059 1035 4144 partibus
1060 4060 1147 4127 ritae
1170 4064 1204 4125 ct
1227 4060 1343 4126 salutis
1366 4081 1438 4128 aaa·

294 4167 437 4233 demioae
470 4167 697 4252 magistratum
731 4165 948 4232 academicum
981 4167 1034 4232 vel
1065 4167 1162 4232 nimis
1194 4171 1356 4232 remotum
1386 4167 1438 4234 rel

294 4295 428 4357 prorsus
453 4274 618 4339 exclusum
642 4295 712 4338 esse
736 4273 839 4338 multo
864 4274 960 4338 etiam
984 4274 1115 4359 gratim
1138 4295 1320 4358 queramur.
1356 4273 1439 4340 Pau·

294 4378 340 4442 cis
374 4379 592 4465 perstringere
625 4380 736 4461 liceat,
768 4379 853 4462 quod
884 4402 950 4444 non
983 4401 1156 4464 possumus
1188 4400 1273 4444 nunc
1307 4380 1438 4446 uberius

298 4487 456 4568 persequi.
502 4486 550 4551 Ac
572 4485 677 4551 tribus
701 4485 921 4572 potissimum,
950 4486 1076 4572 siquid
1100 4485 1202 4571 video,
1224 4486 1320 4552 rebus
1342 4488 1438 4553 trala-
