3338 5072
503 387 766 438 mnunrrronrs
789 387 1000 437 rnrvruma.
1258 369 1322 436 299

268 531 439 598 Praeterea
467 529 500 596 R
529 530 674 597 litteram
702 531 867 596 sciendum
890 535 1022 597 estnec
1046 531 1157 615 scripti
1180 553 1240 597 neo
1263 531 1322 597 im·
1337 555 1440 596 xxxvr

177 638 280 724 pressi
298 638 376 704 libri
394 637 533 704 indicem
553 659 634 723 esso,
653 637 708 704 sed
727 659 817 704 meae
836 637 1025 722 scripturae.
1053 638 1158 715 Quam
1178 638 1205 702 si
1224 638 1323 702 etiam

176 747 300 812 talibus
320 746 516 832 aliquotiens
536 745 683 830 apposui,
705 766 787 830 quae
810 766 883 809 cum
906 744 1030 829 pridem
1049 767 1121 809 mea
1139 743 1324 809 coniectura

177 853 386 937 invenissem,
417 856 531 938 postea
559 851 600 916 ab
630 850 703 916 aliis
731 872 858 936 quoque
882 851 1068 938 excogitata
1091 852 1169 936 vidi,
1200 872 1266 916 non
1290 850 1322 916 id

178 961 245 1026 elio
273 959 411 1026 consilio
440 959 515 1045 feci,
546 959 609 1024 nisi
637 959 722 1043 quod
745 959 888 1044 aliquam
911 959 1009 1024 fidem
1031 957 1179 1024 veritatis
1202 957 1323 1024 habere

179 1066 395 1153 complurium
418 1088 594 1134 consensus
618 1065 710 1134 solet

660 1497 773 1546 crrvr
795 1479 853 1545 IV.

267 1637 344 1704 Dixi
368 1639 406 1703 de
430 1642 561 1705 externa
584 1639 742 1707 librorum
766 1640 992 1706 Plautinorum
1016 1639 1217 1706 condicione:
1250 1662 1323 1726 pro-

177 1745 389 1831 grediendum
422 1751 472 1811 cet
504 1747 544 1811 ad
577 1769 688 1813 eorum
723 1748 865 1813 indolem
898 1751 1092 1833 mutuasque
1119 1749 1262 1814 rationes
1290 1752 1324 1813 et

178 1853 398 1918 successiones
427 1852 642 1938 explicandas.
693 1854 763 1932 Quo
792 1855 840 1919 ita
868 1853 1038 1940 defungar,
1072 1858 1107 1920 ut
1134 1877 1215 1940 quae
1244 1854 1323 1920 olim

177 1981 251 2024 aum
279 1958 334 2025 ‘de
362 1961 439 2025 crisi
461 1960 630 2026 Plautina'
655 1958 861 2048 disputavi*)
889 1965 961 2026 turn
989 1962 1023 2026 in
1052 1961 1254 2046 praefatione
1282 1961 1336 2036 ad„

174 2065 355 2131 Bacchides
383 2065 479 2132 Halis
509 2091 537 2132 a.
567 2082 823 2134 crolocccxxxv
856 2066 960 2134 editas
989 2069 1124 2152 exposui
1151 2072 1221 2133 tum
1249 2068 1322 2134 aliis

179 2173 372 2258 quibusdam
396 2175 475 2241 locis
499 2175 604 2258 attuli,
627 2174 717 2240 brevi
737 2176 943 2242 enarratione
962 2173 1243 2260 comprehendam,
1267 2175 1322 2240 sed

177 2301 216 2344 ea
248 2284 324 2364 post
354 2284 406 2345 tot
427 2280 655 2367 bybliothecas
687 2282 925 2368 pervestigatas
953 2281 1066 2347 multis
1093 2283 1241 2366 partibus
1271 2284 1322 2347 vel

178 2392 322 2453 correcta
354 2388 406 2452 vel
438 2387 650 2472 locupletata:
682 2388 919 2472 praetermissis
946 2393 1055 2454 tamen
1082 2411 1165 2474 quae
1193 2395 1250 2455 aut
1279 2391 1323 2455 le-

179 2495 270 2560 viora
288 2494 458 2560 videantur
481 2495 595 2559 autin
619 2494 718 2560 dubia
741 2496 926 2561 coniectura
943 2496 1060 2581 posita,
1084 2497 1175 2562 cuius
1194 2498 1322 2563 firman·

177 2601 237 2666 dae
265 2601 459 2667 documenta
485 2602 633 2687 quamvis
661 2623 819 2687 quaerens
847 2602 938 2667 nulla
966 2604 1174 2688 reppererim:
1209 2627 1225 2670 e
1258 2627 1322 2690 quo

177 2730 295 2794 genere
317 2708 406 2773 velut
428 2708 511 2773 illud
534 2712 585 2773 est
615 2708 654 2773 de
686 2709 855 2776 Romano
888 2709 996 2774 codice
1027 2710 1203 2777 Lorooun
1236 2711 1323 2796 quod

176 2814 340 2901 Parergon
363 2838 394 2900 p.
412 2815 480 2879 404
502 2820 613 2880 annot.
636 2816 738 2901 tetigi
784 2813 831 2879 Vt
854 2819 972 2898 autem,
996 2816 1112 2902 quibus
1136 2839 1153 2882 e
1176 2817 1322 2883 lontibus

176 2943 234 3008 per
253 2943 334 3009 quos
352 2925 520 3008 tamquam
543 2921 665 2986 rivulos
688 2923 846 2988 memoria
869 2922 974 2987 omnis
999 2922 1179 3008 scripturae
1202 2923 1321 2989 Plauti·

175 3051 237 3098 nae
265 3051 323 3113 per
351 3027 816 3094 saeculorum.vieissitudincs
845 3029 885 3094 ad
913 3033 1061 3094 nostram
1085 3031 1225 3094 aetatem
1248 3053 1322 3115 pro·
1337 3069 1451 3111 mm

175 3140 297 3221 pagate
329 3137 385 3220 sit,
417 3157 482 3200 uno
513 3134 680 3202 oculorum
711 3138 846 3201 contutu
876 3141 1104 3220 cognoscatur,
1136 3139 1319 3202 stemmatis

177 3243 316 3307 artificio
340 3247 414 3308 utar
433 3242 474 3308 ad
491 3241 732 3328 perspiciendas
751 3241 958 3327 cognationis
977 3241 1121 3306 rationes
1141 3243 1323 3330 utilissimo,

179 3349 213 3413 in
237 3371 301 3434 quo
324 3349 467 3434 perditos
491 3349 593 3414 libros
617 3348 742 3434 graecis
766 3347 895 3432 litteris,
918 3348 1026 3413 latinis
1051 3349 1242 3434 superstites
1266 3373 1322 3418 no·

177 3456 255 3520 tavi.
301 3455 339 3520 Id
369 3459 477 3522 autem
508 3459 584 3541 post
615 3455 774 3521 diutinam
805 3455 1050 3521 meditationem
1080 3457 1227 3523 intellexi
1257 3481 1322 3526 non

175 3584 272 3646 posse
296 3561 475 3647 simplicius
499 3585 597 3649 quarn
620 3563 666 3628 sio
689 3562 842 3629 construi.

285 3810 311 3880 *)
353 3808 459 3867 Eodem
495 3826 551 3879 quo
588 3809 668 3865 illam
705 3825 757 3880 ego
795 3809 1062 3866 commentationem
1098 3811 1212 3866 elimari
1248 3829 1322 3867 anno

177 3912 395 3957 omrucooxxxv
415 3897 581 3968 ‘Symbolon
601 3897 638 3952 ad
665 3896 812 3954 historiam
839 3897 1028 3970 philologiae'
1058 3917 1122 3955 auae
1149 3901 1187 3956 lo.
1217 3899 1323 3971 Caspar

178 3989 299 4044 Orellius
327 3989 417 4044 edidit
444 3986 552 4056 Tanti,
581 3987 683 4057 quibus
706 3986 811 4043 codicis
834 4004 852 4042 a
875 3987 993 4044 Nicolao
1022 3988 1187 4045 'l'revoreuri
1216 3991 1322 4060 reperti

176 4077 388 4134 intermortuam
411 4077 578 4133 memoriam
600 4076 669 4132 item
693 4091 709 4131 e
733 4075 833 4146 Poggii
857 4075 986 4146 epistulis
1009 4078 1219 4149 redintegravit
1267 4079 1322 4134 Sed

177 4185 250 4238 quac
275 4167 316 4222 ibi
340 4183 368 4238 p.
389 4172 405 4221 9
431 4167 466 4221 de
491 4165 606 4236 reliquis
631 4163 711 4221 libris
736 4167 765 4220 et
787 4164 900 4235 scriptis
924 4167 954 4221 et
976 4165 1119 4236 impressis
1142 4165 1269 4222 narravit
1286 4183 1322 4222 ns

176 4255 369 4311 Palatinarum
388 4255 501 4325 quidem
516 4254 644 4310 codicum
658 4251 795 4308 rationem
809 4253 924 4323 habens,
944 4271 1070 4324 quaeque
1085 4253 1120 4310 de
1134 4254 1321 4310 fundamentis

176 4359 331 4412 normaque
354 4343 485 4400 universa
509 4341 685 4400 usnemu·
702 4339 798 4397 Plauti
820 4343 978 4414 praecepit,
1001 4358 1098 4399 eorum
1120 4359 1172 4399 neo
1191 4344 1260 4400 tides
1279 4347 1322 4401 est
