3338 5072
182 335 185 346 ¹
303 355 368 422 298
596 372 856 424 rnonnsormur
879 375 926 426 nu
948 373 1156 426 asmomnvs

302 515 474 604 Apostol’:
498 516 615 601 quibus
638 517 746 583 verbis
771 516 837 584 alia
859 539 974 584 manus
998 515 1078 584 hece
1102 509 1233 582 adiecit:
1257 515 1346 586 ‘Nic
1369 539 1447 583 uero

303 621 408 687 Arne
430 622 553 690 Ioharie
579 624 646 690 ati.
662 675 668 689 .
682 624 796 692 banici
819 626 882 708 6156
905 627 1033 709 emptus
1052 628 1103 688 est
1126 623 1286 710 michique
1309 625 1451 694 traditus

302 730 413 816 perd.
436 730 581 815 baptisti
605 735 638 796 et
660 731 706 798 Io.
729 730 851 798 Incubui
876 730 996 798 liberos
1015 725 1108 817 ipius
1127 731 1217 818 pogij
1242 733 1385 817 acceptis
1405 733 1447 800 ab

302 861 353 904 mc
393 838 520 904 ducatis
555 839 656 924 largis
685 839 789 925 uigiti
827 839 952 924 quique
989 839 1041 905 die
1077 857 1189 906 xxv111
1225 839 1368 924 lanuarij
1407 839 1448 924 aj.

302 945 472 1013 cucuma?
522 946 603 1012 Post
631 946 803 1031 Epidicum
832 945 989 1033 ‘Nigidii’
1027 946 1113 1032 apud
1148 946 1288 1014 Gallium
1322 947 1361 1014 do
1398 969 1448 1013 co

303 1053 396 1120 micis
427 1053 539 1120 latinis
572 1074 684 1119 versus
717 1053 831 1138 scripti
861 1057 951 1138 sunt,
982 1054 1133 1138 deinceps
1162 1057 1271 1120 autem
1299 1077 1337 1120 ea
1365 1077 1447 1140 quae

303 1160 466 1246 Parergon
495 1183 526 1244 p.
549 1159 592 1226 65
616 1160 759 1244 excerpsi
783 1157 853 1245 (ubi
876 1182 935 1245 pro
960 1179 1026 1226 xm
1049 1161 1175 1246 corrige
1199 1159 1297 1247 xnn).
1352 1160 1444 1228 Gete-

303 1289 374 1332 rum
399 1265 438 1331 de
462 1263 628 1352 ‘Nigidio'
652 1266 690 1334 cf.
713 1266 833 1332 ibidem
857 1271 890 1332 et
912 1289 942 1352 p.
966 1267 1029 1334 241
1055 1268 1149 1335 dicta

215 1396 303 1437 xxxv
393 1372 428 1440 ΙΙ
457 1372 667 1440 Vaticanus
694 1374 794 1457 1632,
830 1374 864 1439 in
888 1391 1056 1441 cnxxxxn
1093 1375 1290 1440 membranis
1324 1374 1447 1442 formae

304 1479 496 1566 quadratae,
522 1501 673 1546 uersuum
701 1481 737 1545 in
764 1481 901 1566 singulis
930 1480 1057 1566 paginis
1085 1498 1198 1565 xxxn,
1228 1481 1357 1547 saeculo
1386 1480 1447 1546 XV

303 1589 442 1673 scriptas
473 1587 602 1655 fabulas
635 1587 699 1654 XII
730 1588 928 1673 posteriores
960 1591 1090 1673 tenens,
1127 1588 1198 1654 sine
1231 1586 1298 1654 ulla
1329 1587 1381 1656 rel
1413 1588 1449 1654 in

303 1717 493 1764 scaenarum
518 1695 621 1760 initiis
646 1695 697 1761 vel
723 1695 758 1760 in
781 1693 861 1779 ipsis
887 1695 1089 1761 sermonibus
1112 1717 1324 1780 personarum
1347 1696 1448 1782 signi·

303 1803 460 1870 flectione.

392 1908 426 1974 II
462 1910 674 1976 Vaticanus
710 1909 795 1974 1633
832 1907 976 1974 eiusdem
1014 1909 1150 1993 saeculi,
1186 1909 1450 1978 membranarum

303 2033 531 2085 cccnxxxxur
560 2017 682 2085 formae
714 2015 888 2099 maximae,
919 2035 1071 2080 versuum
1098 2015 1131 2080 in
1158 2014 1296 2098 singulis
1321 2018 1449 2104 paginis

304 2145 400 2192 xxrv.
446 2123 637 2192 Comoedias
661 2123 889 2208 complectitur
912 2143 1038 2204 omues,
1068 2120 1124 2187 sed
1148 2124 1185 2186 ut
1208 2120 1378 2188 Aulularia
1401 2146 1448 2190 se·

303 2236 423 2317 quatur
445 2230 631 2316 Epidicum,
663 2253 680 2296 e
704 2229 938 2314 posterioribus
962 2231 1070 2294 autem
1093 2226 1158 2292 XII
1180 2249 1257 2294 casu
1280 2231 1388 2313 potins
1413 2235 1450 2298 ut

303 2339 431 2405 videtur
454 2361 552 2423 quam
576 2337 712 2404 consilio
737 2337 783 2403 eis
807 2336 946 2421 quinque
965 2334 1095 2418 fabulis,
1118 2356 1200 2418 quae
1219 2339 1296 2402 sunt
1315 2337 1450 2422 primae,

302 2448 500 2532 praemissae
522 2445 590 2510 sint
612 2445 756 2530 reliquae
779 2445 904 2528 septem
929 2465 948 2506 a
966 2440 1128 2505 Pseudulo
1148 2440 1187 2505 ad
1208 2441 1449 2510 Truculentum.

303 2593 345 2601 —
360 2553 487 2619 Horum
501 2551 735 2617 vaticanorum
754 2572 835 2636 quos
855 2549 984 2614 saeculo
1000 2547 1078 2612 XVI
1095 2547 1217 2613 Romae
1236 2552 1447 2635 peregrinans

302 2661 425 2728 Ivsrvs
442 2659 584 2725 Lmslvs
613 2657 806 2743 inspexerit,
834 2657 937 2721 dicam
961 2655 995 2720 in
1018 2653 1219 2739 praefatione
1242 2655 1357 2724 Militis
1381 2660 1449 2744 glo·

302 2767 380 2832 riosi
405 2769 449 2851 [p.
472 2763 547 2848 XV]
554 2816 564 2849 ,
593 2763 632 2830 ad
661 2787 759 2850 quam
788 2762 933 2828 fabulam
959 2761 1046 2828 illius
1069 2761 1104 2826 in
1128 2759 1283 2848 Antiquis
1306 2764 1450 2831 lectioni·

303 2876 364 2942 bus
387 2872 575 2939 testimonia
598 2872 740 2937 maxima
763 2893 803 2935 ex
824 2873 917 2954 parte
937 2869 1109 2953 pertinent.
1141 2868 1321 2936 Trinummi
1341 2875 1449 2937 autem

303 2982 364 3047 etsi
387 2981 530 3066 plenam,
557 3003 654 3066 quam
678 2981 712 3044 in
734 2982 888 3062 promptu
912 2976 1031 3061 habeo,
1054 2997 1127 3042 eum
1151 2977 1256 3043 tribus
1279 2977 1449 3044 Vaticanis

303 3089 511 3154 collationem
549 3087 590 3153 ab
629 3086 724 3154 initio
762 3088 940 3151 statueram
973 3085 1005 3149 in
1040 3083 1250 3150 annotatione
1287 3086 1449 3172 integram

302 3217 498 3281 proponere,
530 3199 641 3260 tamen
672 3191 852 3259 afferendae
883 3192 1060 3276 scripturae
1090 3190 1233 3256 taedium
1262 3214 1329 3258 non
1356 3193 1449 3276 potui

303 3303 391 3370 ultra
420 3303 560 3388 primurn
592 3303 701 3366 actum
731 3297 862 3362 fabulae
893 3319 1105 3382 concoquere:
1136 3302 1206 3363 tem
1236 3298 1318 3364 nihil
1340 3300 1391 3364 rel
1416 3301 1449 3365 in

302 3410 412 3476 Plauti
431 3431 563 3474 manum
577 3405 821 3472 instaurandam
840 3404 892 3470 vel
911 3404 947 3469 in
966 3403 1205 3488 depravationis
1226 3425 1356 3471 caussas
1376 3426 1449 3492 gra·

303 3517 426 3601 dusqne
450 3513 689 3600 perspiciendos
713 3510 804 3576 illine
827 3509 1007 3576 redundare
1031 3510 1185 3575 intellexi.
1215 3509 1261 3576 Vt
1284 3513 1449 3580 cumulata

302 3622 516 3706 discrepantis
545 3621 724 3706 scripturae
752 3617 918 3704 farragine
946 3617 1121 3685 verendum
1149 3618 1248 3684 fuerit
1273 3641 1315 3684 ne
1338 3621 1449 3686 turba·

301 3733 393 3794 retur
416 3728 519 3794 multo
543 3727 649 3813 magis
673 3748 764 3792 mens
788 3725 967 3811 legentium
991 3747 1088 3810 qnam
1107 3725 1174 3790 ulla
1196 3725 1338 3791 utilitate
1362 3725 1450 3792 adiu-

303 3840 442 3901 varetur.
487 3834 674 3919 Eademque
702 3831 787 3898 ratio
816 3835 996 3898 ceterorum
1025 3853 1105 3916 quos
1129 3832 1258 3918 quidem
1281 3831 1387 3898 norim
1411 3831 1448 3896 li-

302 3942 435 4010 brorum
460 3963 535 4006 mss.
560 3945 610 4006 est
632 3938 673 4004 ad
696 3961 795 4004 unum
819 3939 971 4004 omnium.

392 4047 441 4114 De
474 4047 499 4114 Z
532 4047 713 4133 principe
745 4045 890 4112 omnium
916 4044 1101 4112 fabularum
1128 4046 1246 4131 viginti
1274 4045 1449 4112 editione

303 4157 455 4224 Gnoncu
478 4155 651 4222 Mnnvnau
674 4152 899 4238 Alexandrini,
926 4173 1008 4238 quae
1032 4175 1059 4217 a.
1084 4169 1323 4220 cmccccnxxu
1346 4153 1449 4218 Vene-

303 4265 359 4330 tiis
387 4262 510 4348 prodiit
538 4264 579 4328 ab
603 4261 726 4328 Ioanne
749 4257 938 4326 Coloniensi
962 4261 996 4326 et
1018 4257 1194 4326 Vindelico
1219 4257 1367 4344 Spirensi
1389 4260 1448 4328 im·
1471 4314 1474 4322 .

302 4393 424 4455 pressa,
447 4391 513 4434 non
536 4368 640 4436 habeo
664 4388 750 4434 nunc
772 4364 859 4452 quod
883 4365 963 4431 olim
982 4365 1123 4432 narratis
1142 4364 1163 4430 l.
1178 4387 1202 4432 s.
1218 4387 1243 4432 s.
1258 4389 1289 4451 p.
1306 4367 1370 4434 180
1380 4389 1449 4452 sqq.

305 4479 362 4559 [=
386 4477 503 4561 Opusc.
526 4475 606 4561 phil.
629 4474 662 4540 ΙΙ
685 4498 715 4560 p.
739 4475 782 4542 34
797 4475 880 4560 sqq]
905 4471 1030 4538 addam.
