3302 5076
612 367 848 418 narnrmscnn
872 369 997 418 annun.
1310 355 1372 420 631

229 513 342 577 sertim
366 513 409 596 ei,
437 511 493 596 qui
522 511 613 578 libris
636 512 669 576 in
693 511 858 596 publicum
883 512 976 576 editis
999 513 1064 576 iam
1088 513 1197 597 aliqua
1220 535 1258 577 ex
1282 517 1374 596 parte

227 618 437 683 inclaruerit?
470 617 586 684 hocine
625 617 786 682 scribendi
818 617 1065 704 disputandique
1102 619 1274 684 consilium
1310 621 1373 686 cui-

229 747 325 810 quam
353 724 451 792 hodie
479 725 563 790 serio
592 724 694 789 teneri
723 724 883 804 videatur,
915 747 956 790 an
984 724 1063 789 dicis
1092 747 1207 791 caussa
1235 729 1374 792 exerceri

228 853 287 896 nec
303 831 368 896 lere
386 832 572 918 plusquam
586 832 736 897 umbram
755 832 916 917 quandam
935 853 1062 896 servare
1081 833 1159 916 eius,
1182 855 1277 917 quam
1297 835 1372 900 olim

229 939 388 1018 habuerit,
411 940 607 1024 gravitatis?
644 939 768 1016 Quibus
792 939 926 1004 minime
949 939 1119 1004 haeremus
1143 939 1218 1024 quid
1241 962 1373 1027 respon-

227 1045 371 1110 deamus.
417 1043 565 1130 Namque
593 1069 674 1132 quac
703 1047 790 1110 recte
813 1050 847 1109 et
870 1045 1032 1129 sapienter
1055 1068 1075 1109 a
1098 1045 1274 1112 maioribus
1298 1052 1374 1112 sunt

229 1152 395 1231 instituta,
417 1153 450 1234 ‚si
475 1152 604 1238 quando
633 1175 747 1236 parum
771 1152 943 1218 retinuisse
966 1153 1124 1236 pristinae
1147 1151 1302 1217 utilitatis
1326 1153 1374 1219 iu·

227 1259 387 1342 dicentur,
410 1263 467 1325 aut
490 1259 650 1325 abolenda
673 1267 750 1325 sunt
773 1262 844 1338 aut,
871 1259 1023 1342 quamdiu
1047 1282 1112 1325 non
1137 1263 1213 1324 sunt
1241 1259 1374 1344 abolita,

228 1364 373 1449 graviter
402 1365 523 1430 tuenda
557 1369 590 1430 et
620 1365 796 1432 exercenda
828 1369 966 1430 strenue.
1020 1365 1111 1442 Quod
1143 1388 1215 1431 cum
1248 1365 1372 1450 pridem

227 1472 307 1536 mihi
330 1472 577 1558 persuasissem,
605 1474 675 1536 tum
698 1494 875 1557 numquam
905 1471 1034 1555 planius
1062 1473 1244 1556 perspicere
1275 1495 1373 1556 quam

230 1579 262 1642 in
285 1578 346 1642 hac
370 1578 440 1662 ipsa
468 1578 592 1643 incluta
620 1577 787 1643 academia
809 1578 908 1644 licuit.
954 1577 1039 1643 Huic
1063 1579 1148 1643 euim
1172 1601 1304 1662 prorsus
1328 1579 1372 1644 iu-

227 1685 335 1750 telleri
364 1686 531 1770 proprium
563 1684 766 1768 splendorem
796 1686 904 1769 parari
936 1706 996 1750 nec
1027 1684 1223 1750 mediocrem
1255 1708 1294 1750 ex
1325 1707 1373 1770 eo,

201 1769 209 1782 ⁸
228 1792 322 1876 quod,
346 1814 427 1876 quac
445 1791 480 1856 in
503 1791 577 1856 aliis
601 1791 803 1875 quibusdam,
826 1814 906 1875 quas
930 1791 1058 1875 quidem
1082 1791 1236 1876 noverim,
1261 1793 1369 1858 acade-

229 1897 302 1962 miis
326 1898 359 1962 iu
383 1899 489 1963 lusum
513 1897 638 1981 pridem
664 1899 843 1980 verterunt,
865 1896 918 1962 hic
942 1898 1070 1983 quidem
1095 1903 1237 1963 veterem
1260 1903 1294 1963 et
1316 1921 1371 1964 an·

230 2006 356 2089 tiquam
390 2003 584 2091 dignitatem
615 2005 780 2089 praeclare
807 1981 938 2069 tucdtur
966 2009 1000 2068 et
1030 2005 1232 2070 retinuerunt
1263 2006 1372 2071 lauda·

225 2112 343 2178 biliter.

319 2222 427 2304 Atque
453 2218 516 2284 hoc
543 2219 682 2284 alterum
711 2218 791 2284 illud
818 2222 882 2303 est,
911 2218 996 2304 quod
1026 2219 1122 2284 initio
1146 2218 1370 2304 significabam

224 2325 322 2392 huius
361 2325 588 2410 praefationis,
623 2347 696 2390 cum
734 2325 917 2410 argumenti
958 2324 1100 2390 taedium
1135 2325 1282 2390 dicebam
1312 2348 1370 2409 pro

229 2432 316 2497 virili
339 2438 432 2517 parte
455 2455 516 2497 nos
540 2436 815 2516 compensaturus.
860 2430 933 2496 Hoc
955 2431 1056 2517 igitur
1078 2432 1232 2515 quoniam
1255 2431 1297 2497 ad
1316 2454 1370 2498 eos

225 2560 352 2623 quoque
371 2539 522 2624 pertinet,
540 2560 676 2622 quorum
700 2537 783 2604 nihil
801 2537 945 2620 interest,
968 2537 1007 2603 de
1027 2537 1109 2602 Gaio
1127 2541 1160 2601 et
1179 2537 1370 2621 Sempronio

226 2667 268 2710 an
286 2643 325 2710 de
344 2641 410 2710 Oro
429 2647 463 2708 et
482 2644 599 2710 Orione
618 2643 718 2709 verba
736 2643 901 2728 faciamus,
921 2643 1022 2728 probe
1040 2667 1100 2710 nos
1120 2645 1370 2728 meminerimus,

225 2752 281 2835 qui
304 2751 339 2816 in
362 2755 523 2818 certamen
546 2773 633 2817 nunc
656 2772 767 2816 sumus
790 2751 1004 2834 progressuri.
1049 2749 1164 2836 Neque
1187 2752 1273 2816 enim
1296 2774 1369 2817 cum

226 2857 384 2923 acerrimo
407 2857 507 2923 immo
531 2858 656 2924 ardenti
680 2857 828 2923 veritatis
852 2857 960 2923 studio
983 2859 1148 2924 conciliari
1171 2880 1210 2924 ea
1233 2859 1284 2924 vel
1311 2859 1369 2924 hu·

225 2964 365 3030 manitas
388 2965 501 3049 nequit
528 2966 579 3030 vel
601 2965 818 3048 temperantia
847 2968 880 3028 et
908 2967 944 3028 ut
972 2963 1093 3030 Graece
1116 2964 1220 3029 dicam
1245 2985 1369 3045 εωφρο-

225 3071 318 3150 εὐνη,
352 3092 435 3155 quae
467 3076 501 3136 et
532 3073 715 3138 litterarum
748 3072 941 3158 dignitatern
974 3076 1006 3136 et
1037 3071 1188 3136 liberales
1220 3070 1368 3136 homines

224 3177 322 3242 decet.

224 3673 358 3740 Oratio
390 3675 433 3740 de
464 3677 585 3741 studii
621 3678 858 3762 philologici
888 3682 925 3741 et
956 3677 1226 3742 iustitutionis
1259 3675 1366 3740 scho-

226 3781 394 3847 lasticae
414 3782 702 3847 necessitudine
727 3784 896 3848 muneris
920 3783 1152 3867 professorii
1177 3781 1367 3847 ordinarii

224 3889 263 3954 in
296 3889 554 3954 universitate
592 3891 814 3955 litterarum
850 3889 1156 3955 Vratislaviensi
1194 3887 1367 3971 suscepti

331 4019 468 4061 caussa
491 3995 550 4059 die
574 3997 668 4060 XXII
691 4019 733 4061 m.
756 3997 929 4062 Ianuarii
953 4021 980 4060 a.
1008 3997 1091 4061 1836
1115 3995 1259 4060 habita

314 4138 384 4214 Quo
400 4159 456 4202 vos
471 4136 590 4221 libello,
614 4139 795 4204 acarlcmiae
809 4161 939 4222 praeses
955 4137 1100 4216 illustris,
1123 4141 1230 4201 rector
1244 4137 1366 4222 magni-

224 4245 297 4328 fice,
325 4245 524 4328 professores
552 4247 585 4307 et
612 4243 760 4310 doctores
789 4245 993 4329 amplissimi,
1024 4241 1181 4308 carissimi
1210 4244 1365 4308 commili-

224 4354 333 4435 tones,
356 4350 472 4435 reliqui
491 4349 655 4416 auditores
674 4351 884 4434 ornatissimi,
907 4350 947 4414 ad
966 4351 1050 4415 hanc
1074 4349 1254 4414 orationem
1272 4348 1366 4412 benc·

226 4458 296 4524 vole
330 4457 520 4522 audiendam
553 4457 702 4542 invitavi,
734 4457 764 4522 iu
795 4481 832 4523 eo
861 4479 912 4522 me
939 4455 1104 4540 professus
1137 4476 1208 4521 sum
1241 4455 1279 4520 de
1306 4457 1366 4521 tali
