3318 5072
316 356 382 422 554
603 377 675 430 nvo
699 375 962 424 rsoonsnunun
985 377 1169 426 rusvmur.

316 522 353 583 ut
379 519 477 584 vestri
505 519 613 584 iudicii
643 518 809 584 exercendi
837 521 962 605 copiam
991 525 1141 606 paratam
1169 519 1325 586 habeatis.
1373 518 1457 597 Quid

317 625 402 690 enim
427 625 478 709 sit,
501 647 558 690 our
580 625 642 690 hoc
666 625 872 709 potissimum
895 630 1040 711 tempore
1060 649 1175 712 operae
1194 649 1365 713 percamus
1388 628 1458 692 bre-

316 732 474 816 vitatique
498 731 686 796 studeamus
710 735 836 815 praeter
860 737 981 819 cetero,
1010 734 1091 799 setis
1119 735 1204 799 inter
1227 755 1284 799 vos
1308 737 1457 799 constare

316 843 476 923 putemus.
532 835 720 923 Delegimns
753 837 855 923 igitur
887 839 1046 904 canticum
1079 839 1159 904 illud
1192 863 1211 906 s
1244 863 1307 925 quo
1341 861 1458 905 scaena

316 945 421 1010 alteru
443 944 603 1010 Possum
627 943 755 1028 incipit:
784 945 873 1009 cuius
897 945 961 1029 ipsi
984 945 1130 1012 videritis
1154 969 1232 1012 num
1256 947 1336 1013 hoec
1360 969 1456 1031 quam

316 1051 401 1116 infru
430 1053 597 1136 posuimus
629 1050 752 1136 species
783 1073 841 1116 nec
873 1051 1040 1117 dissimilis
1071 1053 1137 1119 reri
1168 1053 1211 1118 sit
1238 1074 1296 1118 nec
1325 1052 1458 1140 indigns

316 1158 441 1224 Plauto,

755 1337 1022 1402 Annurnsswu.

361 1461 482 1546 Negoti
506 1459 571 1526 sibi
592 1462 647 1545 qui
670 1461 759 1526 uolet
780 1462 848 1526 uim
872 1463 996 1547 partire,

360 1569 487 1634 Nauem
511 1570 543 1631 et
565 1567 732 1632 mulierem
757 1566 837 1632 huso
860 1568 922 1632 duo
946 1567 1013 1632 sibi
1034 1573 1229 1654 compartito.

360 1673 445 1740 Nam
468 1674 577 1740 millae
601 1671 706 1758 magis
730 1695 780 1738 res
805 1674 886 1738 duae
910 1674 982 1758 plus
1005 1677 1116 1759 negoti

361 1781 504 1864 Habent,
527 1780 612 1846 forte
636 1779 665 1844 si
688 1777 849 1863 6cceperis
862 1767 1036 1864 enomere,

362 1889 487 1972 [Neque
511 1892 664 1972 umquem
688 1890 740 1950 set
762 1884 844 1951 istae
868 1887 950 1952 duae
973 1909 1025 1952 res
1049 1890 1228 1974 cruentum]
1404 1908 1455 1958 215

361 1995 473 2082 Neque
495 1993 542 2059 eis
566 1994 634 2059 ulle
657 1993 792 2058 ornsindi
816 1991 896 2059 sutis
920 1994 1056 2059 satietis
1080 2000 1138 2060 est.

361 2103 468 2187 Atque
490 2101 570 2165 hae‘c
593 2103 630 2165 ut
652 2100 776 2185 loquor,
799 2121 883 2165 nunc
906 2099 1001 2165 domd
1025 2101 1121 2166 docta
1145 2099 1225 2168 dico.

359 2209 445 2276 Nam
470 2211 530 2272 n6s
554 2230 653 2292 usqne
678 2207 718 2272 ab
743 2195 859 2273 surore
882 2207 924 2272 ad
947 2207 1008 2272 hdo
1032 2207 1117 2292 quod
1140 2210 1235 2276 dieist

360 2316 410 2382 Ex
433 2313 594 2380 industria
616 2313 729 2378 imbec
752 2314 928 2397 numqudm
952 2316 1176 2380 concessimus

360 2423 478 2488 Leuiri
502 2427 558 2487 aut
580 2422 690 2487 fricdri
714 2427 771 2486 sut
793 2421 914 2506 tergeri
937 2425 994 2486 cut
1016 2423 1134 2507 orndri,
1404 2440 1456 2490 220

317 2551 527 2559 ,αφ-μω-.-

316 2615 431 2684 reliquis
451 2615 587 2684 omnibus,
607 2613 655 2669 ubi
670 2614 784 2683 quidem
798 2613 858 2670 eius
871 2614 1026 2670 dissensum
1039 2616 1148 2671 nullum
1162 2616 1328 2684 notaverim,
1347 2633 1457 2672 mecum

316 2705 472 2763 consentire
495 2719 661 2768 nsmnrsro,
687 2720 744 2758 non
765 2719 866 2758 versor
887 2703 1013 2774 prolecto
1037 2721 1072 2759 ne
1096 2704 1149 2760 hoc
1166 2721 1240 2760 vano
1263 2705 1456 2761 nesciocuius

316 2795 453 2868 gloriolss
475 2792 568 2848 studio
591 2792 692 2846 dixisse
715 2792 825 2847 videar:
853 2809 872 2846 e
895 2809 951 2862 quo
968 2810 1018 2848 vos
1036 2793 1149 2862 quidem
1167 2794 1254 2862 probe
1273 2793 1351 2849 scitis
1369 2811 1456 2863 quem

317 2885 369 2940 sim
393 2885 513 2940 slienus:
547 2881 595 2938 sed
618 2896 742 2936 memoro
765 2881 818 2936 hoc
840 2883 873 2936 ut
894 2880 1005 2951 penitus
1029 2881 1214 2952 pernoscatis,
1238 2885 1344 2952 qusnts
1366 2884 1404 2939 sit
1426 2884 1456 2938 in

316 2974 370 3029 hse
388 2973 450 3043 ipss
469 2971 567 3027 critice.
585 2973 659 3037 arte,
684 2986 755 3039 quse
773 2969 958 3025 incertissimo
976 2969 1065 3025 videri
1084 2970 1177 3026 stultis
1196 2971 1356 3028 hominibus
1375 2972 1457 3042 solet,

316 3061 456 3118 certitudo
480 3062 508 3115 et
532 3061 677 3128 tsmqusm
699 3057 859 3115 necessitas.
896 3057 1035 3114 Plurimss
1059 3058 1133 3113 onim
1152 3061 1324 3130 corruptelas
1343 3049 1456 3130 prorsus

315 3152 418 3207 nostris
437 3149 593 3205 rationibus
613 3147 810 3202 convenienter
830 3146 937 3216 pridem
956 3149 1108 3202 sustulerat
1121 3147 1304 3216 Hermsnnns,
1323 3151 1353 3203 et
1367 3151 1456 3202 sustu·

316 3240 388 3295 lcrst
411 3240 470 3294 sins
490 3236 555 3292 tulis
574 3235 639 3292 libri
658 3253 727 3306 ope,
745 3237 857 3306 qnelsm
876 3254 949 3292 nnnc
968 3239 1109 3308 repertum
1128 3237 1157 3292 et
1175 3253 1321 3291 excussum
1339 3237 1456 3292 Ambro-

316 3327 425 3382 sianum
447 3327 594 3381 lsetumur.
632 3323 737 3391 Quibus
761 3325 839 3379 uolui
856 3324 1023 3395 singillatim
1041 3325 1234 3380 enumerandis
1253 3341 1313 3381 esso
1332 3324 1456 3395 putidus.

316 3418 359 3470 En
381 3416 469 3486 igitur
487 3413 567 3469 vobis
592 3429 720 3468 scaenam
739 3413 764 3467 si
782 3413 873 3468 minus
892 3415 1084 3483 personatum,
1112 3415 1142 3468 et
1160 3415 1192 3468 ut
1210 3430 1228 3469 ιι
1245 3411 1366 3484 pristinu
1384 3412 1455 3468 inte-

316 3507 419 3577 gritate
438 3504 513 3560 certe
532 3502 646 3572 propius
665 3518 750 3573 quum
768 3502 860 3558 adbuc
879 3502 934 3557 luit
952 3502 1046 3557 absit!

289 3695 302 3734 s
389 3682 494 3750 ‘Atque
512 3680 584 3735 hoec
602 3679 715 3748 quidem
734 3679 877 3735 hactenus.
916 3679 1022 3746 Quibus
1041 3679 1165 3734 fruimini
1183 3681 1328 3750 tamquam
1346 3679 1455 3748 ultime,

317 3789 400 3841 quem
427 3768 588 3839 impendere
614 3769 723 3824 vestrae
751 3766 923 3824 institutioni
949 3768 1126 3839 conceditur,
1151 3769 1252 3839 opells
1295 3769 1342 3824 Sic
1360 3769 1454 3824 sutem

315 3861 381 3917 volo
408 3874 572 3930 persuasum
599 3856 741 3924 habeatis,
769 3856 840 3912 nihil
866 3874 997 3926 umquem
1022 3857 1209 3929 gratissimum
1231 3857 1454 3913 recordationem

315 3967 411 4006 eorum
430 3963 567 4004 annorum
585 3963 645 4002 esse
664 3946 887 4014 obscuraturum,
911 3963 961 4015 per
983 3963 1052 4015 quos
1075 3947 1241 4002 suavissimo
1265 3944 1454 4002 communium

316 4038 470 4094 studiorum
493 4035 606 4091 vinculo
630 4034 724 4104 robis,
748 4034 884 4089 carissimi
907 4035 1127 4105 commilitones,
1150 4036 1250 4106 etqui
1273 4037 1339 4091 unte
1360 4051 1407 4090 vos
1425 4035 1455 4089 in

314 4130 368 4184 hec
395 4127 552 4182 litterarium
576 4123 718 4194 pnlsestrs
745 4123 928 4194 desudarunt,
957 4125 1119 4180 coniunctus
1143 4127 1187 4180 tot
1209 4124 1296 4180 studii
1318 4141 1387 4194 erge
1409 4141 1455 4178 ms

314 4217 401 4272 vestri
429 4215 598 4271 documento
626 4231 688 4268 sum
715 4213 859 4283 expertus,
886 4213 918 4268 ut
940 4214 1011 4270 nihil
1034 4214 1090 4270 ism
1113 4214 1236 4269 sanctius
1260 4216 1290 4268 et
1312 4212 1455 4282 antiquins

315 4305 442 4372 hsbenm,
461 4320 543 4372 quum
564 4301 648 4358 etism
667 4304 753 4372 etque
773 4301 858 4356 etism
877 4319 895 4356 s
912 4301 992 4358 robis
1011 4303 1064 4358 hoo
1083 4305 1187 4372 petere,
1206 4305 1238 4356 ut
1257 4302 1380 4371 sliqnsm
1399 4303 1455 4357 mei

316 4391 479 4447 memoriam
507 4391 593 4447 etium
621 4389 746 4446 absentis
774 4389 953 4446 conservetis.
991 4389 1090 4446 Velete
1114 4389 1238 4460 mihique
1257 4391 1360 4448 latete.
1397 4390 1454 4446 Sor.

315 4477 503 4534 Vrntislusicc
523 4481 548 4534 d.
568 4479 605 4534 Xl
625 4499 660 4534 m.
680 4479 761 4535 Mart
781 4479 1031 4535 utlrssccrnruvnn.²
