3338 5072
309 417 375 482 374
593 431 857 481 eeousoonnuu
882 431 930 478 on
955 430 1167 479 aurionrevs

311 557 536 655 0Qvohdo1)
558 574 590 661 *)
633 573 689 662 (eo
733 574 820 640 enim
861 574 950 639 valet
991 573 1142 659 lapidarii
1185 573 1266 640 vitio
1312 575 1454 660 positum

310 681 555 767 novopron)
582 683 617 747 in
646 680 704 748 SC.
727 682 765 747 de
789 679 1004 746 Baoanalibus
1034 680 1191 764 scriptum
1214 684 1337 765 exstat,
1369 682 1454 766 quod

309 814 375 858 non
397 811 492 875 posse
516 790 582 855 ullo
606 790 701 856 modo
724 812 785 874 pro
809 790 921 855 oculto
945 810 1024 872 esse,
1049 788 1104 853 sed
1123 811 1182 873 pro
1201 789 1299 855 oculto
1318 792 1455 874 tontum,

310 919 404 964 nemo
423 919 489 963 non
508 875 663 964 concedit.
695 895 801 973 Quam
824 895 964 961 formam
986 896 1016 961 si
1040 917 1056 960 a
1075 896 1218 961 tenebris
1242 893 1455 979 probabiliter

310 1005 467 1089 eruimus,
501 1001 715 1088 Captivorum
739 1023 867 1087 quoque
891 1002 998 1067 versui
1021 1000 1050 1086 Ι,
1075 1004 1103 1087 1,
1129 1003 1170 1068 15
1193 1002 1281 1068 iusta
1304 1025 1456 1069 mensura

311 1112 358 1178 sic
382 1110 558 1178 constabit:

524 1252 563 1318 In
586 1253 705 1337 oculto,
728 1252 838 1318 miseri
861 1250 1015 1318 uictitant
1039 1255 1115 1318 sucd
1140 1275 1208 1338 suo,

310 1396 440 1461 temetsi
464 1395 588 1480 aliquot
610 1393 756 1460 versibus
785 1399 860 1461 ante
888 1417 954 1460 non
978 1395 1056 1460 licet
1078 1395 1211 1462 σόοὶιῑεαε
1233 1399 1268 1462 in
1290 1397 1391 1462 oculto'
1411 1399 1455 1462 lu·

212 1525 297 1566 oxxv
313 1508 375 1568 tent
396 1501 622 1587 pronuntiare,
646 1501 701 1566 sed
724 1502 908 1566 necessaria
930 1502 1010 1568 haec
1034 1506 1084 1567 est
1107 1507 1140 1568 et
1162 1504 1296 1589 scriptio
1321 1509 1354 1569 et
1376 1505 1456 1569 reci-

311 1610 395 1675 tatio
423 1607 557 1673 cornuae
582 1609 618 1672 in
640 1607 823 1693 dendorp
850 1645 888 1654 -
914 1608 964 1673 Ad
990 1608 1236 1675 similitudinem
1264 1611 1366 1677 tonum
1388 1633 1457 1677 cor·

311 1715 469 1800 reptionis
496 1737 597 1799 prope
626 1714 776 1780 accedere
799 1715 905 1779 visum
932 1715 1055 1798 depuis
1084 1737 1156 1782 cum
1179 1740 1208 1781 v.
1232 1718 1297 1784 870
1320 1741 1341 1783 a
1363 1718 1456 1785 nobis

312 1821 478 1887 sublatum
508 1825 558 1886 est
586 1821 749 1902 [relictum
773 1822 807 1887 in
831 1821 877 1886 ed.
902 1822 973 1904 alt]
997 1826 1068 1887 tum
1092 1822 1171 1887 alibi
1194 1824 1329 1890 tolletur
1353 1827 1456 1890 ascita

311 1929 396 2011 &equi
418 1927 532 1993 forma.
556 1965 597 1975 -
621 1925 695 1994 Non
719 1929 825 2013 magis
849 1934 1032 2015 correptum
1056 1934 1106 1994 est
1128 1935 1252 2012 atque,
1274 1931 1338 1995 nisi
1361 1932 1397 1996 in
1419 1931 1458 1996 li-

312 2037 437 2102 beriore
470 2039 575 2101 metro
609 2038 645 2099 ut
672 2058 700 2100 v.
725 2036 803 2118 824,
835 2034 916 2100 Rud.
940 2035 970 2120 Ι,
993 2038 1030 2122 4,
1053 2037 1082 2102 8.
1111 2073 1152 2085 -—
1185 2035 1254 2102 Nec
1285 2042 1458 2123 propterea

312 2142 398 2230 quod
422 2143 603 2210 certissima
628 2146 705 2208 sunt
727 2147 797 2209 isto
821 2147 853 2208 et
875 2143 928 2209 tsi
950 2140 1000 2229 (iu
1024 2143 1199 2228 quodiam
1223 2165 1321 2229 supra
1344 2144 1458 2209 incidit

311 2250 416 2316 oratio
431 2272 461 2333 p.
473 2247 676 2336 cx11[363]),
700 2249 833 2315 eandem
857 2249 1023 2315 licentiam
1044 2249 1083 2314 ad
1102 2250 1242 2316 deutsti
1261 2250 1458 2336 pertinuisse

313 2355 506 2422 credendum
529 2359 599 2420 erat
622 2354 804 2420 Trinummi
828 2355 974 2420 versibus
1000 2355 1073 2420 127.
1099 2355 1175 2420 129:

400 2495 559 2564 Dedistin'
584 2495 778 2584 argentum?
802 2534 844 2544 —
868 2497 1005 2563 Ftetum
1027 2519 1130 2583 neque
1153 2495 1235 2564 facti
1254 2499 1354 2584 pigot.

401 2602 570 2670 Dedistinc
593 2604 655 2670 hoc
679 2601 855 2690 paot0***)
879 2604 909 2668 ci
932 2604 1077 2690 glodium
1101 2605 1155 2690 qui
1178 2627 1212 2672 se
1236 2606 1403 2673 occideret.

312 2748 439 2813 Horum
459 2748 545 2812 onim
563 2746 743 2831 posteriorc
761 2768 835 2811 cum
852 2747 935 2828 facto
954 2749 997 2813 eit
1010 2748 1044 2812 in
1054 2747 1095 2832 A,
1108 2754 1201 2830 paeto
1219 2748 1255 2813 in
1272 2747 1456 2835 reliquis†)‚

313 2855 491 2941 plurimum
519 2852 761 2937 probabilitatis
788 2853 889 2918 habet
918 2877 935 2919 e
962 2855 1158 2940 glossemate
1181 2877 1251 2921 esse
1275 2859 1458 2942 utrumque,

314 2961 452 3046 simplici
483 2963 590 3025 autem
619 2959 674 3025 hoo
703 2961 910 3044 pronomine,
941 2967 978 3026 ut
1007 2963 1073 3026 iam
1104 2961 1243 3027 Bothius
1275 2962 1458 3048 suspicatus

312 3073 374 3152 est,
406 3071 538 3151 poetam
571 3089 665 3132 usum
696 3088 767 3132 esec
798 3066 910 3132 eadem
939 3068 1066 3132 ratione
1095 3067 1208 3152 paullo
1240 3067 1458 3153 exquisitiore,

311 3195 375 3258 qua
398 3173 488 3238 volut
509 3195 538 3237 v.
563 3173 627 3238 783
661 3171 742 3237 dixit
772 3171 827 3237 boc
857 3175 1055 3256 opinonem
1086 3175 1125 3240 ab
1155 3175 1343 3242 adolescente
1374 3195 1457 3240 omo

310 3281 402 3346 uero.
447 3279 476 3345 Ε
509 3279 689 3364 posteriore
721 3281 830 3343 autom
862 3301 955 3344 versu
986 3280 1140 3346 facillima
1170 3281 1311 3366 irrepere
1341 3282 1376 3347 iu
1405 3303 1458 3346 su·

311 3388 471 3472 periuram
507 3407 546 3452 no
581 3385 742 3471 particula
776 3386 897 3470 potuit,
933 3387 988 3452 ubi
1026 3409 1064 3453 ea
1100 3388 1233 3454 minime
1270 3410 1351 3474 opus
1387 3409 1457 3453 esse

310 3519 341 3580 p.
370 3512 414 3560 cv
448 3493 541 3574 [358]
575 3497 683 3558 annot.
715 3493 865 3558 diximus.
910 3492 1012 3580 Nam,
1043 3517 1083 3560 ne
1116 3495 1189 3580 quis
1221 3495 1329 3579 ipsum
1360 3493 1457 3560 Plau-

310 3604 381 3666 tum
410 3603 605 3682 antestetur,
638 3599 804 3674 sciendum
832 3603 884 3665 est
911 3602 1039 3666 nullum
1067 3597 1194 3668 exstare
1218 3605 1387 3688 correptae
1409 3603 1458 3666 de·

311 3708 385 3774 uisu
411 3705 501 3771 vocis
529 3709 652 3770 certum
679 3706 870 3790 exemplum.
917 3708 965 3772 Ac
988 3708 1129 3793 primum
1152 3730 1285 3794 prorsus
1308 3707 1385 3774 hinc
1407 3729 1458 3773 eo-

312 3811 479 3901 gregonda
503 3817 578 3879 sunt
600 3813 671 3878 clod
694 3816 728 3877 et
749 3814 878 3894 dedtsso,
911 3836 1049 3900 quorum
1076 3814 1138 3881 hoc
1161 3815 1255 3880 nihili
1279 3819 1344 3900 est,
1377 3814 1458 3880 illud

312 3920 566 3987 diversissimam
589 3921 749 3985 rationem
772 3920 886 4004 habet,
913 3925 1063 3987 neutrum
1087 3922 1128 3986 ad
1151 3921 1386 3988 defendendum
1409 3923 1457 3987 do

415 4096 442 4165 ⁸)
462 4095 534 4169 [Hac
552 4095 691 4166 scriptura
713 4093 783 4149 nihil
801 4095 915 4166 probari
934 4095 1103 4153 ltitschelius
1121 4097 1182 4169 ipse
1203 4097 1281 4154 vidit.
1320 4097 1456 4154 Ceterum

310 4187 345 4243 cs.
365 4187 465 4257 Opusc.
484 4184 554 4255 phil.
574 4185 613 4239 IV
630 4202 657 4254 p.
678 4189 729 4239 288
749 4187 778 4240 et
796 4183 826 4239 P.
846 4185 876 4239 L.
897 4185 933 4241 M.
953 4185 984 4240 E.
1004 4185 1100 4242 Euan.
1120 4205 1147 4258 p.
1167 4189 1222 4257 24]

399 4272 441 4343 **)
461 4273 595 4344 [coculeoc
612 4274 644 4328 in
662 4273 751 4327 oculto'
769 4271 940 4328 Ritschelius
959 4273 1048 4330 suasit
1066 4273 1168 4343 Opuec.
1188 4275 1257 4346 phil.
1276 4276 1302 4330 Π
1320 4294 1347 4345 p.
1359 4275 1432 4346 tot]

382 4362 439 4432 *”)
459 4361 615 4434 [Dedtetlnc
628 4361 677 4416 boc
689 4361 764 4427 seclo
783 4360 881 4428 Τὼ,
900 4361 963 4416 coll.
979 4361 1159 4419 Lachmanno
1172 4363 1202 4418 in
1217 4363 1297 4418 Lacr.
1311 4383 1338 4435 p.
1355 4371 1388 4421 63
1401 4364 1454 4435 sq.]
1591 4355 1595 4364 “

417 4454 446 4520 †)
465 4449 625 4522 [Librorum
644 4447 807 4505 memoriam
826 4466 860 4505 ox
880 4468 904 4506 v.
924 4457 975 4506 649
994 4451 1031 4506 ad
1049 4470 1076 4506 v.
1097 4457 1146 4508 12⁹
1165 4451 1311 4508 mortalit
1329 4452 1458 4509 Bitscho-

310 4538 373 4594 lius.
411 4537 451 4594 Ol.
471 4536 559 4608 praef.
579 4535 668 4592 Stichi
686 4555 712 4607 p.
732 4537 819 4609 xxa]
