3266 5070
299 370 341 437 68
614 389 694 438 verr
719 387 868 440 wnunsu
890 389 954 438 ins
979 389 1119 438 nocnnr

298 545 381 598 quem
405 545 536 584 ovoccsso
559 546 658 598 purum
681 529 735 585 rite
759 528 901 600 conceptis
924 529 1016 584 verbis
1041 529 1128 584 exitio
1147 529 1215 586 olim
1233 529 1300 598 fuit,
1327 528 1376 584 sed
1395 548 1440 585 rue

298 617 416 673 miserae
435 617 525 688 plebis
542 617 658 673 miseret
676 619 707 673 et
723 617 803 689 piget
817 619 991 689 quorundum
1004 618 1068 689 plus
1082 635 1166 688 quem
1180 619 1303 674 turcicse
1317 621 1439 688 tyranni·

297 707 348 762 dis.
377 706 540 762 Franciscus
567 706 602 760 ‹le
623 705 774 777 Siclringen
803 705 827 760 si
852 705 944 762 Csroli
967 705 1147 778 Imperatoris
1173 708 1224 762 out
1248 707 1364 763 consilio
1390 711 1440 762 eut

295 795 385 864 iussu,
413 794 443 850 id
464 794 540 865 quod
558 794 685 865 plerique
704 795 892 865 suspicentur,
921 797 980 850 tem
1000 797 1110 852 atroces
1129 795 1277 850 suscitavit
1295 793 1439 865 tumultus,

295 883 412 940 hebebit
434 885 553 940 fortusse
585 901 641 953 quo
664 900 725 939 sese
753 885 877 952 tuentum
905 885 936 939 ut
953 885 977 938 si
995 883 1052 940 suis
1071 883 1132 953 ipse
1151 883 1284 954 auspiciis
1302 902 1361 940 rem
1380 886 1439 940 tam

295 972 412 1027 arduum
430 989 464 1027 uc
483 971 646 1028 seditiosum
666 973 774 1026 tentare
793 971 848 1027 fuit
866 989 963 1040 uusus,
987 972 1070 1026 doum
1090 971 1160 1026 mihi
1179 972 1282 1028 iratum
1301 973 1438 1044 inprecor,

294 1059 350 1116 nisi
368 1061 438 1116 huuc
457 1060 589 1128 scintille,
609 1063 667 1115 tum
686 1078 772 1131 perro
791 1060 873 1116 initio
891 1063 996 1132 coorto,
1015 1061 1174 1118 incendium
1195 1063 1384 1118 vastissimum
1402 1064 1439 1119 sit

241 1161 280 1200 suc
295 1150 447 1220 aliquando
467 1149 603 1220 peritum
624 1148 697 1206 solet
714 1149 798 1219 eninr,
816 1151 865 1219 qui
884 1151 977 1205 fumus
992 1166 1053 1205 esse
1068 1149 1170 1220 coepit,
1188 1149 1266 1206 illico
1281 1151 1354 1222 ignis
1368 1151 1437 1221 fieri,

294 1243 324 1296 et
341 1238 407 1294 tulis
426 1238 514 1310 ignis,
533 1239 581 1310 qui
599 1237 738 1308 paulatim
755 1238 881 1309 irrepens
899 1257 956 1294 non
975 1237 1156 1310 extinguetur
1174 1238 1271 1308 iocile;
1290 1239 1363 1296 solet
1381 1257 1438 1295 mu·

293 1327 364 1396 lum,
394 1327 470 1401 quod
492 1329 528 1383 eb
552 1328 634 1383 initio
653 1331 712 1382 tum
730 1328 792 1383 leve
811 1328 1022 1400 negligebatur,
1050 1328 1074 1382 si
1094 1329 1131 1382 sit
1149 1331 1276 1396 auctum,
1302 1327 1333 1382 in
1351 1345 1437 1400 greve

294 1416 471 1472 Christianae
494 1415 709 1486 tranquillitatis
733 1415 910 1487 dispendium
932 1431 1078 1486 erumpere
1105 1416 1227 1471 tandem.
1266 1416 1338 1484 Qum
1364 1417 1434 1472 hoec

293 1508 322 1562 et
340 1505 398 1560 elic
414 1505 519 1562 tacitus
538 1505 704 1574 quandoque
723 1521 832 1560 mecum
846 1505 907 1576 ipse
921 1504 1025 1576 cogito,
1044 1505 1121 1560 soleo
1135 1505 1318 1560 vehementer
1331 1505 1436 1574 mirari,

292 1613 345 1664 qur
362 1595 487 1664 reliqusc
506 1594 672 1651 Germanice
691 1597 720 1648 et
738 1593 867 1650 civitates
887 1598 917 1650 et
934 1592 1075 1665 principes
1098 1610 1154 1650 uon
1177 1594 1251 1650 idem
1269 1597 1299 1650 in
1318 1594 1376 1649 suis
1395 1610 1436 1650 re·

292 1683 431 1754 gionibus‚
449 1684 524 1753 quod
544 1682 647 1738 Elvetii
665 1683 796 1754 populari
814 1685 924 1738 tentum
943 1682 1009 1737 freti
1027 1681 1146 1738 consilio
1166 1681 1195 1737 in
1214 1699 1265 1737 suu
1282 1685 1358 1738 terre
1376 1683 1434 1738 ssu-

292 1771 373 1827 stiter
395 1774 555 1842 praestent3
579 1775 609 1828 st
626 1771 681 1842 ipsi
700 1772 765 1826 dum
785 1771 899 1841 publicu
917 1774 1018 1828 curent
1036 1771 1195 1838 commode,
1214 1787 1274 1825 rem
1292 1770 1435 1842 publicum

291 1860 397 1916 hubent
415 1862 557 1931 pucstsm;
585 1878 636 1916 nos
660 1861 776 1931 privetis
795 1861 906 1916 tuntum
925 1860 1066 1916 inhiantes
1084 1877 1137 1916 nec
1155 1859 1269 1930 publico
1300 1877 1353 1916 nec
1380 1860 1435 1931 pri·

291 1953 356 2005 veto
375 1950 493 2004 fruimur
511 1948 580 2005 sutis
599 1948 751 2005 commode.
788 1951 846 2005 Aut
863 1966 916 2020 ego
935 1949 1070 2019 mentior,
1089 1947 1244 2020 Bilibolde,
1263 1952 1312 2005 eut
1330 1949 1432 2019 uliquis

291 2042 381 2096 mulus
403 2039 502 2112 genius
524 2042 596 2096 bene
620 2039 804 2096 concordibus
827 2038 928 2094 uuimis
953 2039 1042 2095 iratus
1068 2040 1143 2094 huuc
1168 2055 1322 2094 smurorem
1350 2037 1432 2092 rebus

290 2128 419 2184 humanis
438 2129 567 2185 infundit.
606 2128 662 2184 Sed
680 2128 749 2198 quid
768 2127 792 2182 si
810 2127 921 2200 flagitia
939 2131 1047 2194 nostru,
1068 2128 1169 2199 quibus
1188 2129 1276 2183 Deum
1296 2126 1434 2196 quottidie

289 2217 441 2285 irritemus,
459 2218 530 2272 haec
549 2219 715 2284 mercentur,
734 2219 764 2272 st
781 2219 923 2272 morentur
940 2216 1038 2287 procul
1057 2216 1150 2272 dubio.
1183 2216 1281 2285 Neque
1301 2215 1384 2282 onim,
1402 2218 1434 2271 ut

288 2307 405 2362 Flaccus
419 2306 468 2376 uit,
482 2323 533 2376 per
546 2311 673 2362 nostrum
687 2304 812 2376 petimur
825 2303 915 2360 scelus
929 2304 1065 2361 necundo
1080 2307 1174 2361 lovem
1188 2303 1309 2359 fulmine
1321 2321 1431 2374 ponere.

290 2395 363 2462 Quid
381 2394 432 2451 ulii
450 2393 772 2462 arbitrentur,'divinere
791 2411 849 2448 non
866 2411 987 2464 possum.
1017 2392 1077 2464 Ego
1096 2397 1165 2464 puto
1178 2391 1320 2464 principes
1334 2393 1365 2447 in
1377 2393 1432 2448 hoc

289 2484 345 2540 ium
364 2483 476 2554 publico
496 2499 648 2554 congressu
666 2481 737 2537 nihil
755 2482 920 2551 omissuros,
948 2499 1003 2552 quo
1027 2482 1093 2538 huic
1116 2484 1177 2537 turn
1200 2479 1431 2552 sanguinolentae

289 2571 451 2644 tragoediae
469 2573 553 2626 finem
572 2571 724 2642 aliquando
743 2571 898 2642 imponunt,
917 2570 995 2626 cuius
1011 2557 1181 2641 ipectstores
1196 2571 1266 2626 muti
1280 2571 1364 2625 nimis
1378 2571 1432 2625 ior·

288 2662 363 2716 tussc
382 2660 430 2715 diu
449 2661 623 2716 exstiterunt.
662 2661 717 2716 Sed
735 2661 804 2730 quid
822 2662 900 2715 tum?
920 2659 943 2713 si
963 2659 1123 2716 consulteut
1140 2659 1273 2731 graviter,
1292 2677 1431 2730 exequan-

288 2752 333 2804 tur
358 2766 424 2806 vero
447 2767 598 2819 nunquam.
636 2749 790 2806 Concilium
810 2748 956 2819 indicitur,
981 2749 1114 2804 statuitur
1132 2749 1223 2818 locus,
1249 2748 1433 2819 dispiciuntur

288 2837 407 2910 singule,
427 2839 456 2893 et
474 2855 508 2894 eu
525 2838 637 2908 quidem
656 2838 764 2893 solenni
779 2839 900 2908 quodum
915 2838 979 2908 ritu,
999 2838 1048 2893 sed
1061 2837 1129 2893 dum
1142 2837 1172 2892 in
1186 2837 1245 2893 dies
1259 2837 1330 2893 elius
1344 2837 1432 2894 ulium

235 2944 273 2984 sss
288 2929 430 2998 expectat,
452 2926 519 2982 dum
538 2927 655 2997 quisque
673 2927 728 2982 iter
745 2927 864 2982 udornat
883 2945 976 2995 suum,
999 2928 1067 2982 dum
1090 2926 1125 2982 do
1144 2927 1254 2996 ordine,
1282 2943 1365 2996 quem
1384 2927 1431 2982 hic

288 3018 338 3072 out
360 3014 409 3071 ille
433 3015 604 3071 consulendo
628 3015 735 3087 cupiet,
764 3015 875 3087 longior
897 3018 941 3071 est
963 3015 1142 3086 disceptatio,
1171 3015 1238 3070 dum
1260 3013 1326 3070 hinc
1345 3018 1431 3085 utque

287 3103 352 3160 hinc
371 3105 405 3159 iu
429 3104 551 3160 medium
572 3103 738 3170 consulitur,
766 3104 854 3174 bons,
881 3105 962 3160 crede
982 3104 1064 3172 mihi,
1093 3104 1226 3175 temporis
1245 3121 1309 3176 pers
1327 3105 1432 3162 frustm

287 3193 389 3259 slflnit;
417 3193 465 3249 sed
485 3193 519 3250 de
537 3194 592 3248 hoc
610 3193 692 3264 plura
711 3211 784 3248 nunc
803 3211 854 3248 nec
879 3194 947 3248 licet
974 3209 1026 3248 nec
1053 3192 1125 3248 libet
1142 3193 1275 3262 scribere,
1303 3194 1427 3264 quando·

288 3280 402 3351 quidem
421 3281 472 3336 illa
490 3281 561 3336 mihi
578 3281 689 3351 meique
709 3281 846 3338 similibus
865 3281 1011 3354 deplorare
1030 3285 1150 3352 tuntum,
1169 3282 1301 3337 adiuvere
1319 3283 1430 3354 penitus

287 3388 343 3426 non
363 3369 532 3426 conceditur.
557 3369 631 3425 Deus
651 3372 774 3440 optimus
793 3370 930 3426 maximus
949 3370 1020 3425 tales
1039 3371 1152 3425 tandem
1172 3370 1337 3428 Germanice
1356 3373 1430 3442 priu-

288 3459 396 3529 cipibus
415 3458 553 3514 immittat
570 3459 687 3526 animos,
707 3461 738 3515 ut
756 3459 827 3515 nihil
847 3461 948 3530 putent
966 3475 1025 3514 esse
1044 3459 1072 3513 iu
1091 3461 1152 3514 tota
1165 3459 1224 3514 vita
1239 3460 1429 3530 perniciosius,

287 3565 369 3616 quom
390 3547 564 3603 Christianos
587 3547 707 3618 populos
730 3549 834 3604 mutuis
859 3548 933 3604 iuter
951 3565 979 3603 se
999 3547 1153 3604 latrociniis
1172 3551 1221 3602 sut
1238 3549 1321 3604 bellis
1340 3548 1430 3620 diglu-

285 3637 366 3692 diuri.
403 3635 517 3692 Interim
541 3653 607 3691 vero
626 3637 692 3691 dum
710 3636 763 3692 illo
780 3639 830 3693 eut
847 3637 1035 3708 negligentius
1054 3639 1212 3692 mactentur
1238 3641 1288 3692 eut
1315 3637 1428 3693 omnino

284 3725 478 3796 negliguntur,
497 3725 616 3780 fortusse
635 3727 723 3782 bonos
740 3727 886 3781 naucleros
903 3725 1010 3782 imitsri
1028 3728 1162 3796 praestet,
1181 3727 1229 3795 qui
1243 3730 1428 3797 posteaquem

285 3831 362 3869 mure
388 3814 472 3870 ultius
496 3813 617 3884 ingressi
642 3817 719 3886 sunt,
748 3819 880 3885 tunquam
908 3832 942 3870 ex
967 3814 1082 3885 speculo
1105 3815 1202 3885 eliqua
1224 3815 1305 3871 tuciti
1328 3817 1427 3871 ventos

284 3905 537 3974 tempestatemque
561 3920 691 3959 sonorum
715 3905 850 3959 intentius
875 3905 1113 3974 contemplantur,
1142 3904 1230 3959 donec
1249 3904 1365 3959 coelum
1378 3903 1429 3959 eli-

285 3993 361 4062 quod
380 3993 503 4049 serenius
521 3993 691 4063 apperuerit.

355 4136 396 4190 De
410 4123 524 4208 negotio
540 4139 656 4193 Lutheri
674 4137 721 4191 vir
739 4135 828 4192 ausim
847 4136 965 4191 scribere
985 4153 1057 4207 quse
1076 4136 1179 4204 sentio;
1197 4135 1240 4192 ito
1257 4153 1330 4191 nunc
1348 4136 1427 4193 sides

285 4243 302 4280 u
325 4225 465 4295 plerisque
488 4229 525 4283 ud
548 4228 717 4283 columniam
740 4225 816 4280 truhi
839 4242 885 4294 eu,
912 4241 984 4294 quse
1009 4224 1194 4281 sincerissimo
1221 4224 1307 4281 etium
1333 4225 1427 4280 enimc

284 4319 350 4368 sunt
372 4319 422 4369 sut
439 4319 543 4386 scriptu
561 4319 611 4370 eut
629 4316 717 4384 dictu,
737 4313 1010 4384 interpretenturque
1029 4314 1059 4368 in
1077 4330 1139 4369 eam
1161 4331 1247 4383 quum
1265 4314 1320 4384 ipsi
1338 4315 1428 4370 velint

284 4405 408 4472 purtem,
437 4421 500 4459 oum
523 4421 578 4473 quo
600 4407 694 4460 tumen
717 4401 862 4458 hominum
885 4419 987 4471 genere
1008 4420 1065 4458 non
1089 4420 1198 4474 pugno,
1225 4401 1282 4458 sint
1307 4421 1356 4473 per
1381 4421 1426 4458 rue

283 4491 434 4560 unicuique
453 4490 551 4559 libers,
571 4492 653 4548 modo
672 4495 757 4560 rectu,
776 4489 887 4546 iudicio.
924 4491 1035 4562 Perlegi
1054 4507 1143 4560 nuper
1161 4491 1238 4548 illius
1254 4490 1382 4547 libellum
1397 4491 1426 4548 in
