3306 5070
320 363 387 428 702
547 379 782 428 nrummscmr
806 365 1023 446 rasennam,
1045 377 1236 444 anuassnu,

317 528 434 606 turam,
458 523 622 588 communi
645 523 769 606 impetu
794 523 978 586 litterarum
1000 519 1268 586 universitatibus
1293 520 1471 603 minantur,

319 653 339 693 a
362 629 554 694 laetioribus
578 629 676 696 etiam
700 629 823 714 quartis
848 628 928 694 haec
945 628 1045 693 tertia
1063 627 1241 693 saecularia
1259 627 1472 710 excipiantur.

320 735 435 801 Valete
458 735 616 820 nobisque
640 735 755 802 favete.

401 841 631 908 Scribebamus
651 841 785 908 Bonnae
810 841 892 906 XIII
912 841 985 906 Kal.
1005 839 1092 926 Sept.
1107 863 1135 905 a.
1153 857 1471 907 crovocccxxxxuu.

789 1091 1001 1104 ..u—un·—

878 1287 907 1352 6.

338 1425 780 1492 Gratulationsadresse
809 1427 873 1491 der
900 1425 1054 1492 Bonner
1081 1426 1331 1492 Universitiat
1359 1448 1444 1490 zum

374 1532 817 1620 dreihundertjiihrigen
840 1533 1039 1601 Jubiliium
1064 1533 1134 1598 der
1157 1532 1405 1599 Universitit

811 1642 850 1706 in
872 1639 979 1706 Jena.

405 1781 526 1849 [tector
553 1788 586 1849 et
607 1781 746 1848 Senatus
770 1780 779 1870 11
803 1780 1034 1848 Vniversitatis
1057 1781 1251 1847 Friderioiae
1275 1779 1470 1846 Guilelmiae

316 1886 491 1954 Rhenanus
513 1889 523 1976 11
555 1889 586 1956 S.
608 1889 643 1954 P.
666 1888 706 1954 D.
729 1887 737 1975 1
760 1887 942 1956 Protectori
972 1892 1005 1954 et
1034 1888 1169 1955 Senatui
1190 1888 1202 1972 11
1224 1887 1360 1954 Inclitae
1388 1887 1471 1953 Vni-

320 1995 486 2060 versitatis
509 1995 665 2062 lenensis.

412 2117 494 2182 Tam
513 2118 658 2202 profecto
677 2118 851 2184 iucundum
870 2140 969 2203 quam
987 2117 1201 2202 honorificum
1223 2117 1318 2184 nobis
1341 2116 1469 2200 accidit,

322 2223 409 2308 quod
436 2230 533 2290 natae
561 2228 636 2290 ante
664 2225 744 2290 hacc
767 2224 835 2290 tria
863 2224 991 2290 saecula
1014 2224 1236 2290 universitatis
1260 2222 1397 2289 Vestrae
1421 2225 1470 2289 in·

321 2330 536 2396 lustrissimae
566 2330 770 2415 eiusdemque
800 2351 859 2414 per
888 2333 1072 2413 temporum
1103 2317 1343 2396 vicissitudines
1366 2331 1470 2396 divini

321 2436 465 2502 numinis
498 2437 652 2503 beneficio
685 2437 900 2521 prosperrime
930 2423 1139 2503 conservatae
1168 2437 1312 2502 faustam
1347 2459 1470 2503 memo·

322 2544 405 2608 riam
434 2565 494 2608 nos
523 2544 745 2610 concelebrare
773 2543 915 2610 iussistis
943 2565 1066 2628 proque
1095 2543 1206 2608 firtura
1232 2543 1322 2610 Illius
1345 2543 1470 2609 incolu-

321 2650 435 2714 mitate
457 2649 610 2714 voluistis
639 2671 712 2714 cum
735 2648 862 2714 Vestris
891 2653 1006 2716 nostra
1028 2654 1106 2714 vota
1126 2641 1332 2734 pientissima
1355 2671 1469 2715 conso·

323 2757 410 2822 oiari.
457 2755 543 2822 Nam
576 2759 804 2841 praeterquam
836 2755 921 2840 quod
953 2755 1097 2822 lactitiae
1129 2754 1307 2821 Vobiscum
1340 2755 1470 2840 partiei-

322 2862 447 2947 pandae
471 2883 586 2928 caussa
608 2863 803 2949 gravissima
825 2863 958 2928 inventa
981 2863 1084 2928 estin
1102 2863 1267 2928 communi
1286 2862 1469 2929 studiorum

317 2970 504 3054 artiumque
536 2968 771 3035 necessitudine
805 2969 963 3053 omnium,
993 2969 1168 3036 accedebat
1196 2968 1259 3033 huc
1290 2969 1467 3055 singularis

322 3076 372 3142 vis
395 3076 496 3160 ipsius
515 3074 787 3140 dissimilitudinis
806 3096 887 3159 quae
906 3075 993 3140 iuter
1007 3075 1143 3141 Vestras
1157 3079 1351 3161 nostrasque
1368 3075 1469 3140 ratio·

318 3203 375 3248 nes
390 3182 570 3248 intercedit.
604 3181 882 3258 Quemadmodum
901 3184 987 3250 enim
1006 3184 1040 3248 in
1060 3185 1129 3250 vita
1148 3183 1317 3250 hominum
1330 3183 1465 3250 iuvenili

318 3289 422 3354 aetati
445 3288 556 3354 senilis
581 3289 754 3373 prudentia
776 3291 918 3374 proponi
942 3289 1028 3355 solet
1052 3290 1092 3355 ad
1115 3289 1321 3375 imitandum,
1345 3291 1393 3354 ita
1416 3311 1469 3356 res

318 3399 450 3462 nostrae
474 3394 515 3460 ad
535 3393 757 3460 maturitatem
777 3395 948 3480 paullatim
968 3395 1209 3462 subolesccntes
1228 3417 1294 3461 non
1312 3417 1407 3480 posse
1426 3394 1468 3458 ad

320 3503 439 3568 clarius
459 3507 492 3567 et
510 3502 671 3568 efficacius
686 3503 850 3586 exemplar
869 3501 966 3588 dirigi
986 3503 1189 3588 videbantur,
1212 3525 1310 3588 quam
1331 3501 1416 3586 quod
1434 3501 1470 3564 in

322 3609 411 3673 omni
434 3611 467 3674 ct
490 3608 656 3674 doctrinae
680 3610 713 3672 et
735 3605 921 3674 honestatis
940 3629 1057 3694 genere
1077 3633 1096 3674 a
1115 3609 1234 3675 Vestra
1258 3608 1471 3674 universitate

272 3744 279 3758 ·
322 3715 443 3780 editum
472 3716 559 3778 essct
589 3713 866 3799 amplissimisque
897 3715 998 3780 trium
1031 3717 1235 3781 saeculorum
1267 3714 1470 3782 documentis

323 3824 538 3906 propagatum
562 3819 896 3906 commendatumque.
942 3819 1047 3896 Quam
1071 3822 1201 3906 quidem
1224 3822 1340 3887 merito
1363 3841 1471 3886 recor·

322 3927 493 4010 debemur,
523 3947 561 3990 ex
592 3947 656 4010 quo
686 3927 946 4011 generosissimis
975 3927 1121 3992 consiliis
1151 3927 1285 3993 Ioannis
1315 3926 1469 3992 Ebidorici

322 4032 525 4118 Magnanimi
547 4031 679 4098 condita
701 4036 764 4116 est,
791 4032 903 4098 mullis
934 4053 972 4098 ac
994 4035 1100 4100 saevis
1123 4057 1197 4100 cum
1220 4032 1469 4100 domesticorum

321 4145 391 4205 tum
424 4143 631 4206 externorum
663 4139 879 4222 periculorum
911 4142 1162 4225 tempestatibus
1194 4141 1363 4226 iactatam,
1395 4161 1470 4206 cum

324 4245 404 4312 levis
428 4250 461 4310 et
484 4245 649 4312 imbecilla
666 4245 799 4311 fortuna
818 4247 1000 4312 animorum
1018 4247 1173 4312 firmitate
1191 4251 1290 4332 atque
1309 4247 1471 4333 gravitate

325 4357 493 4436 tamquam
517 4353 635 4418 fluctus
659 4374 810 4418 saxorum
834 4354 951 4420 robore
975 4355 1165 4434 vinceretur,
1187 4355 1253 4419 vim
1273 4376 1311 4420 ac
1329 4357 1471 4440 potestn-

322 4461 389 4522 tem
411 4459 551 4543 virtutis,
574 4459 706 4542 laboris,
724 4459 912 4540 industriae,
931 4462 1134 4528 constantiae
1153 4466 1220 4526 tam
1239 4462 1327 4525 clara
1345 4461 1380 4524 in
1397 4461 1471 4524 luce
