3316 5070
639 427 722 474 VEIT
746 428 893 476 wanhun
917 429 979 476 Ans
1004 428 1145 476 DOCENT

573 565 716 635 Continet,
735 569 767 622 al
785 585 881 624 verum
899 568 1055 639 relligionis
1074 585 1158 639 opus:

535 653 587 708 lllo
605 654 674 724 quid
692 656 786 725 potuit
803 657 893 728 magis
911 657 1046 713 disertum

570 743 656 800 Esse?
693 744 840 816 Oingenii
859 746 952 816 graiis
969 763 1073 817 magna
1091 746 1145 801 lui!

533 833 611 889 Naso
630 835 670 889 sic
688 833 814 903 loquitur
832 837 936 892 Tomos
954 835 1031 892 adire

569 923 634 979 Non
651 923 743 979 iussus
761 940 814 978 nec
833 924 925 982 adhuc
944 925 1070 981 Caesaris
1088 925 1131 980 ira
1148 925 1214 994 luit3

534 1012 580 1068 Sic
598 1012 712 1068 doctum
730 1013 813 1068 video
831 1013 911 1083 loqui
929 1014 1084 1083 Catullum

570 1103 616 1157 Sic
635 1105 679 1156 esi
696 1101 858 1158 Rhomanus
878 1119 982 1173 sermo,
1001 1104 1126 1174 Tibulle,
1144 1107 1223 1174 tuns3

533 1191 579 1248 Sic
597 1190 698 1246 Rullus
712 1190 819 1248 nitidus
837 1191 1055 1263 Propertiusque

568 1279 740 1350 Susviloque
757 1281 854 1337 faciles
872 1299 940 1338 voce
959 1282 1061 1339 dedere
1079 1285 1191 1354 modom

531 1370 609 1425 Talis
627 1371 758 1426 Nestorei
776 1372 851 1426 senis
869 1372 984 1442 loquela

565 1458 681 1515 Dulcior
699 1459 808 1529 Hybleo
827 1461 909 1515 fluxit
926 1461 963 1516 ab
982 1477 1029 1518 ore
1047 1459 1126 1528 lav03

530 1550 567 1604 El
584 1549 657 1604 tales
676 1565 807 1607 numeros
824 1550 904 1606 dedii
922 1550 1052 1618 Pericles,

567 1638 599 1692 ln
617 1638 696 1693 cuius
714 1637 802 1693 labris
819 1639 904 1694 Pitho
923 1656 1026 1696 canora
1043 1640 1106 1694 luit.

529 1726 600 1782 'I'am
619 1728 711 1781 clarus
730 1725 823 1782 Siculo
843 1745 926 1783 sonus
944 1727 1083 1798 prolundo

565 1815 709 1871 Continuii
727 1814 844 1870 miseras
862 1815 893 1870 in
911 1832 961 1870 sua
980 1816 1083 1872 damna
1100 1797 1189 1883 ratem

529 1903 575 1959 Sic
592 1904 707 1960 landem
726 1904 873 1972 querulum
892 1904 954 1974 lyra
972 1904 1065 1960 elebat

564 1993 690 2048 Murmur
708 1992 745 2046 ad
762 1992 869 2061 Ionias,
887 1993 987 2048 declus
1007 1994 1106 2062 Arion,
1124 2009 1226 2061 aquam

527 2081 599 2138 Tem
618 2082 699 2138 dulce
717 2081 841 2137 Ismariis
859 2085 944 2154 posia
960 2083 991 2138 in
1009 2083 1065 2140 oris

562 2172 678 2242 emunt,
697 2189 783 2240 quum
802 2171 889 2227 subiit
905 2172 966 2227 fele
983 2175 1112 2242 cruenta,
1130 2173 1231 2242 melos;

529 2261 589 2318 Nee
607 2259 700 2316 foenix
719 2259 796 2316 aliud
815 2276 885 2330 rogo
903 2261 1085 2332 propinquus,

564 2349 628 2404 Non
646 2347 724 2403 eliud
741 2347 843 2404 recinit
859 2347 956 2404 funere
975 2365 1087 2405 carmen
1107 2349 1186 2406 Olor:

527 2439 617 2504 Quam
636 2439 690 2493 hoc
708 2438 858 2508 quodiam
876 2437 975 2494 Latiae
993 2438 1086 2495 nitore
1104 2439 1218 2510 linguae

560 2526 700 2597 Pectoris,
718 2525 844 2582 Hessiaci
861 2526 938 2583 lama
956 2527 1096 2598 decusque
1115 2528 1176 2586 soli.

525 2617 600 2688 Ergo
618 2605 785 2688 perpetuum
803 2615 876 2672 feres
895 2616 1030 2672 honorem

560 2705 597 2761 ut
613 2707 664 2761 lua
682 2706 736 2760 erit
751 2705 830 2760 nullo
849 2706 930 2760 Musa
949 2706 1060 2776 sepulta
1078 2707 1152 2776 loco;

524 2794 654 2864 Namque
673 2795 747 2850 inter
763 2793 869 2850 nitidos
887 2793 941 2850 tibi
958 2799 1058 2865 poetas

559 2883 713 2940 Posteriias
731 2882 854 2954 primum
872 2883 922 2938 oct
939 2885 1100 2940 veneranda
1118 2883 1246 2955 graduum

524 2973 642 3030 Necnon
660 2975 761 3028 cunels
778 2973 857 3043 leget
873 2972 956 3028 nimis
974 2973 1137 3042 frequenter

559 3063 654 3118 Divite
673 3062 708 3117 de
726 3078 799 3116 vena
818 3077 890 3129 quae
908 3060 962 3115 tibi
980 3061 1086 3132 scripta
1104 3060 1201 3116 fluunt.

522 3153 564 3206 Tu
583 3151 643 3206 vui
661 3150 768 3206 interea
787 3166 894 3205 memor
912 3148 1024 3219 sodalis,

558 3240 620 3307 Quo
638 3240 691 3296 libi
709 3255 766 3294 nou
784 3241 857 3295 alter
875 3238 997 3295 iunctior
1014 3256 1075 3296 esse
1093 3242 1197 3310 potest,

522 3329 568 3384 Sic
587 3329 697 3398 comple
716 3328 825 3399 Pyliam
844 3327 893 3384 diu
911 3329 1055 3384 senectam

557 3417 594 3474 Ei
612 3417 727 3488 capiunl
745 3417 958 3488 omnitempore
976 3417 1063 3489 longe
1079 3419 1135 3486 lui;

521 3507 588 3562 Post
606 3507 681 3562 vitoe
701 3507 828 3578 spacium
846 3506 922 3561 Deus
940 3521 992 3576 per
1009 3523 1109 3562 aevum

557 3597 613 3652 Det
630 3596 718 3650 tantis
737 3595 845 3652 meritis
864 3611 981 3651 munera
1000 3595 1087 3666 digna
1104 3597 1168 3652 luis.

520 3685 580 3739 Hoc
599 3701 650 3754 pro
668 3687 698 3741 te
716 3683 841 3755 rogitant
858 3699 928 3754 puer
947 3699 1096 3753 senexque,

554 3773 632 3828 Haec
650 3773 738 3831 etism
757 3775 816 3829 voli
835 3789 957 3842 cemma,
975 3773 1104 3842 Eobane,
1123 3774 1180 3828 mei
1197 3776 1248 3830 est.

812 3956 946 3966 ...—

379 4091 423 4164 [ln
437 4093 509 4148 eben
522 4093 628 4149 diesem
641 4094 737 4149 Buche
751 4093 801 4150 des
814 4093 946 4150 Eobsnus
965 4093 1041 4150 elehl
1053 4094 1126 4150 nach
1142 4092 1220 4148 alcu
1230 4099 1279 4147 106
1295 4093 1381 4164 (cest.
1389 4093 1451 4162 Vll)

306 4183 359 4238 aul
374 4181 443 4238 assei
460 4181 540 4237 nicht
556 4182 728 4238 numeririen
747 4183 875 4238 Bletteru
893 4181 980 4252 (Siga.
995 4181 1044 4238 dea
1062 4183 1156 4238 ersten
1170 4181 1291 4238 Blaltea:
1311 4181 1386 4251 VIII)
1405 4183 1452 4237 ein

305 4271 426 4328 Gedicht
443 4288 497 4326 uon
517 4271 647 4326 Eobenus
666 4287 702 4326 sn
721 4272 845 4339 Werler‚
863 4269 984 4326 welches
1002 4269 1075 4326 auch
1093 4269 1148 4326 mii
1165 4269 1278 4342 einigen
1297 4271 1452 4327 Varianten

304 4358 472 4415 winderholt
494 4359 533 4415 ist
554 4361 583 4415 in
607 4361 671 4415 dem
690 4359 802 4416 Drucke
830 4358 921 4416 ‘Helii
938 4357 1048 4415 Eobuui
1065 4358 1149 4414 Heni
1169 4359 1336 4430 lanugines
1359 4359 1448 4416 duse’

304 4448 394 4504 Halae
413 4448 496 4504 Sues.
517 4455 585 4504 1539
609 4449 659 4504 aul
675 4448 734 4506 Ful.
754 4447 890 4506 llssbbis
909 4447 982 4502 llll
1001 4446 1135 4502 mildam
1156 4446 1245 4503 Titels
1275 4448 1332 4503 ‘Ad
1353 4450 1449 4505 Vllum

304 4536 468 4592 Vnerlerum
491 4536 626 4592 virtulem
654 4537 778 4594 invidiae
802 4536 952 4594 obnoxiam
975 4537 1055 4592 esse?
1093 4536 1143 4592 Ich
1167 4537 1242 4592 lesse
1265 4537 1337 4593 auch
1361 4537 1450 4593 dieses
