3338 5072
548 402 814 452 nusnnlmorus
838 404 1043 452 Puavmuau.
1302 386 1364 451 381

313 542 365 606 Ita
387 541 494 608 omnis
518 543 557 610 de
581 549 666 611 tecto
692 545 879 613 de'turbauit
901 546 1039 631 tegulas.

313 649 365 714 lta
389 652 499 716 omne‘s
523 652 687 737 mortales,
710 651 742 718 si
762 652 837 737 quid
861 657 911 718 est
934 650 1016 716 meli
1035 651 1152 735 lenoni,
1174 651 1331 736 gaudent:

224 793 345 876 partim
364 815 381 856 e
400 793 514 858 mediis
533 795 688 879 versibus,
707 798 743 860 ut
761 791 842 859 (list.
852 793 891 879 V,
903 796 931 860 1.
954 793 1059 878 Mill,
1077 795 1104 877 1,
1118 794 1170 859 55.
1192 791 1251 878 Ill,
1269 797 1296 879 l,
1310 795 1366 859 65:

314 933 397 1010 Quid
420 935 483 1002 hoo
505 937 659 1022 negotist,
683 937 767 1022 quod
792 959 904 1002 omnes
927 935 1075 1002 hominos
1099 935 1286 1002 tribulantur
1308 937 1368 1019 per

1075 1065 1172 1109 uram.

314 1147 397 1225 Quid
419 1149 485 1216 tibi
510 1172 571 1237 ego
594 1143 713 1236 dicam,
737 1151 822 1236 quod
846 1173 958 1216 omnes
981 1149 1134 1216 mortales
1158 1114 1274 1216 sciunt.

313 1256 518 1341 Le‘pidiorem
551 1259 591 1324 ad
624 1257 729 1325 omnis
765 1281 818 1324 res
850 1279 909 1324 nec
944 1259 999 1343 qui
1032 1256 1136 1324 amieo
1169 1257 1213 1322 sit
1244 1257 1367 1322 amiciis

1076 1386 1190 1451 magu,

223 1530 301 1574 nam
322 1507 403 1572 baec
426 1507 519 1573 unice
543 1530 619 1574 vera
643 1509 811 1593 scriptura
853 1507 962 1594 Atque
986 1507 1066 1574 haec
1089 1507 1129 1572 do
1152 1507 1368 1572 severioribus

226 1615 399 1700 generibus
428 1617 607 1680 metrorum
635 1620 766 1699 sumpta
789 1619 878 1680 sunt:
911 1637 974 1700 quo
998 1615 1105 1680 minus
1128 1613 1311 1680 mirandum
1334 1613 1368 1678 in

228 1720 434 1787 liberioribus
458 1723 558 1788 ornnes
582 1723 700 1806 corripi
723 1720 801 1788 cist.
824 1721 849 1806 l,
875 1723 903 1806 1,
926 1722 955 1788 6.
987 1720 1105 1787 Persae
1129 1721 1168 1806 V,
1194 1723 1222 1806 1,
1245 1720 1278 1785 8:

314 1848 367 1929 lta
389 1863 539 1930 omnibus
564 1863 686 1929 relictis
710 1865 805 1930 rebus
829 1863 912 1929 mssri
935 1863 1134 1949 frequentem
1160 1865 1292 1948 opera'un
1315 1862 1369 1927 de-

1097 1993 1124 2035 rs
1172 2020 1179 2035 .

314 2043 404 2141 bludo
428 2097 489 2163 ego
513 2077 618 2143 omnis
641 2077 763 2144 hilaros
785 2078 929 2143 lubentis
957 1971 1170 2144 laetificinili
1189 2077 1306 2142 ftoiam
1330 2081 1369 2141 ut

1077 2185 1165 2250 fiant

226 2323 312 2390 Hinc
335 2325 399 2390 iam
423 2326 558 2392 iudicari
581 2327 619 2392 de
642 2327 749 2392 dubiis
766 2330 895 2411 potest:
919 2327 1010 2391 velut
1028 2325 1126 2392 Poen.
1136 2324 1176 2410 V,
1191 2326 1221 2411 2,
1235 2326 1279 2391 95
1300 2347 1366 2390 non
1375 2323 1506 2388 'cxxxrn

227 2431 307 2497 satis
331 2454 400 2498 esse
425 2455 557 2498 caussae
582 2437 718 2518 apparet
741 2455 797 2499 cur
821 2432 867 2499 sic
890 2431 1098 2518 transpositis
1118 2433 1235 2518 verbis,
1258 2435 1292 2498 di
1307 2453 1368 2498 ora-

225 2557 279 2604 rres
301 2538 357 2603 tibi
378 2539 458 2618 dent,
480 2540 560 2605 fides
584 2539 743 2605 librorum
766 2541 982 2626 relinquatur:

314 2679 408 2747 Vnde
432 2703 503 2747 sum
527 2683 690 2748 oriundus.
735 2681 781 2747 D1'
801 2683 878 2747 dent
900 2682 961 2748 tibi
985 2705 1097 2748 omnes
1121 2685 1202 2768 quae
1224 2683 1316 2750 uelis.

227 2820 335 2887 Minus
368 2824 468 2888 etiam
500 2847 633 2891 caussae
666 2830 717 2890 est
748 2847 804 2890 cur
831 2823 972 2890 Andriae
995 2824 1054 2909 IV,
1077 2826 1110 2908 2,
1136 2826 1174 2890 11
1209 2825 1264 2890 tui
1296 2846 1368 2890 cum

227 2927 379 2995 Bentleio
404 2929 561 2996 deleatur:

315 3070 377 3137 Per
407 3071 512 3140 omnis
535 3075 594 3140 tibi
619 3074 731 3141 adiuro
759 3075 850 3161 deos,
882 3097 1058 3160 numquam
1087 3061 1159 3140 bam
1186 3096 1237 3140 me
1266 3075 1370 3140 deser-

1078 3185 1197 3246 turum.

230 3287 335 3373 Ipsius
359 3285 543 3354 Trinummi
565 3313 594 3356 v.
619 3291 660 3356 78
688 3313 774 3356 nunc
797 3291 999 3378 intellegitur
1021 3311 1080 3355 neo
1103 3311 1174 3354 esse
1198 3287 1237 3353 de
1260 3309 1370 3354 mono·

230 3394 358 3479 syllabo
386 3395 461 3476 queo
489 3396 711 3482 cogitandum,
741 3397 827 3483 quod
853 3397 963 3464 nescio
992 3419 1034 3462 an
1057 3400 1142 3462 recte
1165 3417 1267 3480 nuper
1289 3392 1371 3461 Her·

229 3522 366 3567 mannus
398 3502 567 3587 negaverit
597 3525 752 3588 umquam
784 3505 890 3571 locum
922 3504 1057 3587 habere,
1093 3523 1151 3567 nec
1188 3501 1371 3569 duriuscule

230 3624 313 3706 Quia
330 3625 431 3692 omncs
449 3613 541 3692 binos
559 3626 711 3710 tonusque
729 3628 1014 3714 pronuntiandum,
1033 3627 1090 3693 sed
1109 3627 1156 3692 sie
1174 3627 1372 3694 metiendum

231 3731 314 3813 Quia
340 3733 440 3800 bouis
467 3735 568 3800 bonos.
615 3733 676 3800 sed
704 3734 802 3800 latius
825 3737 923 3801 etiam
945 3736 995 3800 vis
1018 3739 1109 3821 patet
1131 3733 1372 3800 demonstratae

229 3839 329 3907 Mais
351 3842 568 3930 mensurae.*)
613 3841 701 3908 Nam
725 3864 807 3928 quae
829 3843 1036 3909 liberioribus
1061 3863 1138 3908 rane
1163 3843 1274 3908 metris
1298 3863 1371 3907 con·

231 3969 321 4014 cessa
358 3951 409 4015 est
444 3951 528 4030 ium,
564 3951 595 4016 io
632 3950 834 4036 syllabarum
871 3950 1044 4033 synizesis,
1081 3952 1118 4015 ut
1154 3949 1372 4034 anapaesticis

229 4053 319 4122 Trin.
345 4057 442 4122 1115:

318 4197 381 4262 Hic
404 4198 536 4264 homost
560 4198 703 4263 omnium
727 4198 895 4264 hominum
920 4199 1122 4283 prae'cipuos¹

230 4335 300 4421 (ubi
334 4338 649 4424 transponendorum
682 4340 843 4406 bominum
870 4343 1009 4408 manium
1047 4339 1108 4420 [sic
1136 4333 1252 4418 Trin.²]
1281 4337 1373 4402 nulla

300 4512 326 4582 ⁸)
345 4513 398 4584 [Ol.
413 4513 579 4570 Muellerum
594 4515 630 4572 de
644 4532 716 4584 pros.
731 4515 827 4572 Plauti
844 4535 871 4588 p.
882 4521 947 4584 3683
967 4515 1067 4585 Opuec.
1081 4513 1151 4583 phil.
1167 4513 1205 4568 lll
1220 4531 1246 4584 p.
1259 4514 1373 4585 180aq.]
