<?xml version="1.0" encoding="UTF-8"?>
<!DOCTYPE html PUBLIC "-//W3C//DTD XHTML 1.0 Transitional//EN"
    "http://www.w3.org/TR/xhtml1/DTD/xhtml1-transitional.dtd">
<html xmlns="http://www.w3.org/1999/xhtml" xml:lang="en" lang="en">
 <head>
  <title>
</title>
<meta http-equiv="Content-Type" content="text/html;charset=utf-8" />
  <meta name='ocr-system' content='tesseract 3.04.00' />
  <meta name='ocr-capabilities' content='ocr_page ocr_carea ocr_par ocr_line ocrx_word'/>
</head>
<body>
  <div class='ocr_page' id='page_1' title='image "./fridericiritsch07wachgoog_0105.png"; bbox 0 0 3316 5070; ppageno 0'>
   <div class='ocr_carea' id='block_1_1' title="bbox 280 337 1104 403">
    <p class='ocr_par' dir='ltr' id='par_1_1' title="bbox 280 337 1104 403">
     <span class='ocr_line' id='line_1_1' title="bbox 280 337 1104 403; baseline -0.002 -1"><span class='ocrx_word' id='word_1_1' title='bbox 280 337 322 402; x_wconf 89' lang='lat'><strong>88</strong></span> <span class='ocrx_word' id='word_1_2' title='bbox 595 355 678 402; x_wconf 78' lang='lat' dir='ltr'><strong>verr</strong></span> <span class='ocrx_word' id='word_1_3' title='bbox 701 353 852 401; x_wconf 77' lang='lat' dir='ltr'><strong>warnos</strong></span> <span class='ocrx_word' id='word_1_4' title='bbox 876 353 938 400; x_wconf 80' lang='lat' dir='ltr'><strong>sus</strong></span> <span class='ocrx_word' id='word_1_5' title='bbox 962 354 1104 403; x_wconf 78' lang='lat' dir='ltr'><strong>nocarr</strong></span> 
     </span>
    </p>
   </div>
   <div class='ocr_carea' id='block_1_2' title="bbox 280 492 1647 565">
    <p class='ocr_par' dir='ltr' id='par_1_2' title="bbox 280 492 1647 565">
     <span class='ocr_line' id='line_1_2' title="bbox 280 492 1647 565; baseline 0.002 -17"><span class='ocrx_word' id='word_1_6' title='bbox 280 493 430 562; x_wconf 80' lang='lat' dir='ltr'><strong>scortator,</strong></span> <span class='ocrx_word' id='word_1_7' title='bbox 453 493 526 548; x_wconf 87' lang='lat' dir='ltr'><strong>unde</strong></span> <span class='ocrx_word' id='word_1_8' title='bbox 550 492 635 551; x_wconf 82' lang='lat' dir='ltr'><strong>etiam</strong></span> <span class='ocrx_word' id='word_1_9' title='bbox 661 493 716 548; x_wconf 92' lang='lat' dir='ltr'><strong>sibi</strong></span> <span class='ocrx_word' id='word_1_10' title='bbox 733 509 835 549; x_wconf 90' lang='lat' dir='ltr'><strong>nomeu</strong></span> <span class='ocrx_word' id='word_1_11' title='bbox 854 493 966 550; x_wconf 84' lang='lat' dir='ltr'><strong>mansit.</strong></span> <span class='ocrx_word' id='word_1_12' title='bbox 1005 495 1119 562; x_wconf 81' lang='lat' dir='ltr'><strong>crportc</strong></span> <span class='ocrx_word' id='word_1_13' title='bbox 1137 493 1212 548; x_wconf 86' lang='lat' dir='ltr'><strong>enim</strong></span> <span class='ocrx_word' id='word_1_14' title='bbox 1231 510 1332 565; x_wconf 78' lang='lat' dir='ltr'><strong>graece</strong></span> <span class='ocrx_word' id='word_1_15' title='bbox 1350 511 1427 550; x_wconf 81' lang='lat' dir='ltr'><strong>exer·</strong></span> <span class='ocrx_word' id='word_1_16' title='bbox 1524 519 1526 522; x_wconf 55' lang='grc'>’</span> <span class='ocrx_word' id='word_1_17' title='bbox 1646 535 1647 542; x_wconf 39' lang='lat'>1</span> 
     </span>
    </p>
   </div>
   <div class='ocr_carea' id='block_1_3' title="bbox 278 580 1429 1455">
    <p class='ocr_par' dir='ltr' id='par_1_3' title="bbox 278 580 1429 922">
     <span class='ocr_line' id='line_1_3' title="bbox 279 580 1426 654; baseline 0.003 -18"><span class='ocrx_word' id='word_1_18' title='bbox 279 583 360 651; x_wconf 81' lang='lat' dir='ltr'><strong>citur,</strong></span> <span class='ocrx_word' id='word_1_19' title='bbox 381 584 443 652; x_wconf 75' lang='lat' dir='ltr'><strong>pute</strong></span> <span class='ocrx_word' id='word_1_20' title='bbox 462 582 505 636; x_wconf 87' lang='lat' dir='ltr'><strong>vir</strong></span> <span class='ocrx_word' id='word_1_21' title='bbox 523 582 552 636; x_wconf 87' lang='lat' dir='ltr'><strong>et</strong></span> <span class='ocrx_word' id='word_1_22' title='bbox 571 583 648 636; x_wconf 82' lang='grc' dir='ltr'>κλὲοι</span> <span class='ocrx_word' id='word_1_23' title='bbox 662 580 766 652; x_wconf 80' lang='lat' dir='ltr'><strong>gloria:</strong></span> <span class='ocrx_word' id='word_1_24' title='bbox 786 581 866 652; x_wconf 86' lang='lat' dir='ltr'><strong>qnasi</strong></span> <span class='ocrx_word' id='word_1_25' title='bbox 880 581 1000 653; x_wconf 75' lang='lat' dir='ltr'><strong>gloriam</strong></span> <span class='ocrx_word' id='word_1_26' title='bbox 1014 581 1068 637; x_wconf 88' lang='lat' dir='ltr'><strong>sibi</strong></span> <span class='ocrx_word' id='word_1_27' title='bbox 1081 583 1111 637; x_wconf 89' lang='lat' dir='ltr'><strong>iu</strong></span> <span class='ocrx_word' id='word_1_28' title='bbox 1125 582 1249 638; x_wconf 84' lang='lat' dir='ltr'><strong>exercitu</strong></span> <span class='ocrx_word' id='word_1_29' title='bbox 1263 599 1426 654; x_wconf 87' lang='lat' dir='ltr'><strong>comparare</strong></span> 
     </span>
     <span class='ocr_line' id='line_1_4' title="bbox 278 667 1429 742; baseline 0.002 -18"><span class='ocrx_word' id='word_1_30' title='bbox 278 670 414 738; x_wconf 76' lang='lat' dir='ltr'><strong>volucrit3</strong></span> <span class='ocrx_word' id='word_1_31' title='bbox 438 673 465 739; x_wconf 79' lang='lat'><strong>4)</strong></span> <span class='ocrx_word' id='word_1_32' title='bbox 484 667 649 724; x_wconf 82' lang='lat' dir='ltr'><strong>Cheribolar</strong></span> <span class='ocrx_word' id='word_1_33' title='bbox 673 672 820 741; x_wconf 84' lang='lat' dir='ltr'><strong>corruptae</strong></span> <span class='ocrx_word' id='word_1_34' title='bbox 844 670 1051 727; x_wconf 84' lang='lat' dir='ltr'><strong>adolescentiae</strong></span> <span class='ocrx_word' id='word_1_35' title='bbox 1076 672 1104 726; x_wconf 89' lang='lat' dir='ltr'><strong>iu</strong></span> <span class='ocrx_word' id='word_1_36' title='bbox 1127 672 1255 742; x_wconf 77' lang='lat' dir='ltr'><strong>turpibus</strong></span> <span class='ocrx_word' id='word_1_37' title='bbox 1278 672 1429 728; x_wconf 74' lang='lat' dir='ltr'><strong>auxiliator</strong></span> 
     </span>
     <span class='ocr_line' id='line_1_5' title="bbox 280 759 1428 830; baseline 0.002 -15"><span class='ocrx_word' id='word_1_38' title='bbox 280 764 310 815; x_wconf 90' lang='lat' dir='ltr'><strong>et</strong></span> <span class='ocrx_word' id='word_1_39' title='bbox 324 759 499 825; x_wconf 82' lang='lat' dir='ltr'><strong>consiliator;</strong></span> <span class='ocrx_word' id='word_1_40' title='bbox 513 759 620 830; x_wconf 81' lang='lat' dir='ltr'><strong>gaudet</strong></span> <span class='ocrx_word' id='word_1_41' title='bbox 633 759 708 814; x_wconf 86' lang='lat' dir='ltr'><strong>enim</strong></span> <span class='ocrx_word' id='word_1_42' title='bbox 723 760 867 816; x_wconf 88' lang='lat' dir='ltr'><strong>consulere</strong></span> <span class='ocrx_word' id='word_1_43' title='bbox 883 759 1086 830; x_wconf 77' lang='lat' dir='ltr'><strong>Stratophoolir</strong></span> <span class='ocrx_word' id='word_1_44' title='bbox 1105 760 1193 828; x_wconf 76' lang='grc' dir='ltr'>χαίρω</span> <span class='ocrx_word' id='word_1_45' title='bbox 1208 761 1326 830; x_wconf 77' lang='lat' dir='ltr'><strong>gaudeo,</strong></span> <span class='ocrx_word' id='word_1_46' title='bbox 1341 764 1428 830; x_wconf 77' lang='grc' dir='ltr'>βουλή</span> 
     </span>
     <span class='ocr_line' id='line_1_6' title="bbox 280 847 1374 922; baseline 0.004 -18"><span class='ocrx_word' id='word_1_47' title='bbox 280 867 347 906; x_wconf 80' lang='lat' dir='ltr'><strong>vero</strong></span> <span class='ocrx_word' id='word_1_48' title='bbox 367 847 515 904; x_wconf 82' lang='lat' dir='ltr'><strong>consilium</strong></span> <span class='ocrx_word' id='word_1_49' title='bbox 532 849 636 908; x_wconf 61' lang='lat' dir='ltr'><strong>notat..</strong></span> <span class='ocrx_word' id='word_1_50' title='bbox 659 850 686 918; x_wconf 76' lang='lat'><strong>4)</strong></span> <span class='ocrx_word' id='word_1_51' title='bbox 706 849 864 920; x_wconf 85' lang='lat' dir='ltr'><strong>Apocides.</strong></span> <span class='ocrx_word' id='word_1_52' title='bbox 881 851 899 906; x_wconf 81' lang='grc'><strong>.’</strong></span> <span class='ocrx_word' id='word_1_53' title='bbox 903 891 1044 906; x_wconf 87' lang='grc'><strong>.......</strong></span> <span class='ocrx_word' id='word_1_54' title='bbox 1080 855 1109 918; x_wconf 74' lang='grc' dir='ltr'><strong>ὁ)</strong></span> <span class='ocrx_word' id='word_1_55' title='bbox 1128 850 1260 922; x_wconf 80' lang='lat' dir='ltr'><strong>Epidicus</strong></span> <span class='ocrx_word' id='word_1_56' title='bbox 1276 891 1374 908; x_wconf 91' lang='grc'><strong>.....</strong></span> 
     </span>
    </p>

    <p class='ocr_par' dir='ltr' id='par_1_4' title="bbox 280 927 1429 1455">
     <span class='ocr_line' id='line_1_7' title="bbox 355 927 1429 1010; baseline 0.003 -19"><span class='ocrx_word' id='word_1_57' title='bbox 355 938 456 1009; x_wconf 75' lang='lat' dir='ltr'><strong>Agitur</strong></span> <span class='ocrx_word' id='word_1_58' title='bbox 478 936 597 992; x_wconf 80' lang='lat' dir='ltr'><strong>Athenis</strong></span> <span class='ocrx_word' id='word_1_59' title='bbox 620 937 719 993; x_wconf 78' lang='lat' dir='ltr'><strong>fabula</strong></span> <span class='ocrx_word' id='word_1_60' title='bbox 742 927 931 1008; x_wconf 70' lang='lat' dir='ltr'><strong>diuiditurque</strong></span> <span class='ocrx_word' id='word_1_61' title='bbox 955 941 1057 1009; x_wconf 83' lang='lat' dir='ltr'><strong>poetae</strong></span> <span class='ocrx_word' id='word_1_62' title='bbox 1075 939 1212 996; x_wconf 80' lang='lat' dir='ltr'><strong>Venusini</strong></span> <span class='ocrx_word' id='word_1_63' title='bbox 1230 940 1381 1010; x_wconf 85' lang='lat' dir='ltr'><strong>praecepto</strong></span> <span class='ocrx_word' id='word_1_64' title='bbox 1400 939 1429 995; x_wconf 92' lang='lat' dir='ltr'><strong>in</strong></span> 
     </span>
     <span class='ocr_line' id='line_1_8' title="bbox 282 1025 1429 1105; baseline 0.001 -22"><span class='ocrx_word' id='word_1_65' title='bbox 282 1027 383 1098; x_wconf 85' lang='lat' dir='ltr'><strong>quinos</strong></span> <span class='ocrx_word' id='word_1_66' title='bbox 406 1028 492 1081; x_wconf 89' lang='lat' dir='ltr'><strong>actus.</strong></span> <span class='ocrx_word' id='word_1_67' title='bbox 532 1025 705 1097; x_wconf 89' lang='lat' dir='ltr'><strong>Principium</strong></span> <span class='ocrx_word' id='word_1_68' title='bbox 730 1026 813 1097; x_wconf 90' lang='lat' dir='ltr'><strong>primi</strong></span> <span class='ocrx_word' id='word_1_69' title='bbox 837 1027 891 1083; x_wconf 91' lang='lat' dir='ltr'><strong>hnc</strong></span> <span class='ocrx_word' id='word_1_70' title='bbox 910 1029 965 1105; x_wconf 91' lang='lat' dir='ltr'><strong>est:</strong></span> <span class='ocrx_word' id='word_1_71' title='bbox 996 1027 1082 1083; x_wconf 83' lang='lat' dir='ltr'><strong>‘hene</strong></span> <span class='ocrx_word' id='word_1_72' title='bbox 1106 1027 1292 1096; x_wconf 81' lang='lat' dir='ltr'><strong>adolescens&#39;,</strong></span> <span class='ocrx_word' id='word_1_73' title='bbox 1316 1029 1429 1084; x_wconf 81' lang='lat' dir='ltr'><strong>secundi</strong></span> 
     </span>
     <span class='ocr_line' id='line_1_9' title="bbox 281 1113 1428 1186; baseline 0.003 -14"><span class='ocrx_word' id='word_1_74' title='bbox 281 1116 351 1172; x_wconf 89' lang='lat' dir='ltr'><strong>mihi</strong></span> <span class='ocrx_word' id='word_1_75' title='bbox 374 1116 495 1172; x_wconf 86' lang='lat' dir='ltr'><strong>habetur</strong></span> <span class='ocrx_word' id='word_1_76' title='bbox 516 1113 642 1170; x_wconf 80' lang='lat' dir='ltr'><strong>initium:</strong></span> <span class='ocrx_word' id='word_1_77' title='bbox 672 1116 746 1172; x_wconf 87' lang='lat' dir='ltr'><strong>‘rem</strong></span> <span class='ocrx_word' id='word_1_78' title='bbox 770 1116 822 1172; x_wconf 92' lang='lat' dir='ltr'><strong>tibi</strong></span> <span class='ocrx_word' id='word_1_79' title='bbox 851 1135 912 1172; x_wconf 88' lang='lat' dir='ltr'><strong>sum</strong></span> <span class='ocrx_word' id='word_1_80' title='bbox 935 1117 1063 1174; x_wconf 86' lang='lat' dir='ltr'><strong>elocutus</strong></span> <span class='ocrx_word' id='word_1_81' title='bbox 1085 1118 1225 1186; x_wconf 87' lang='lat' dir='ltr'><strong>omnem’‚</strong></span> <span class='ocrx_word' id='word_1_82' title='bbox 1248 1117 1326 1174; x_wconf 86' lang='lat' dir='ltr'><strong>tertii</strong></span> <span class='ocrx_word' id='word_1_83' title='bbox 1349 1120 1428 1175; x_wconf 81' lang='lat' dir='ltr'><strong>actus</strong></span> 
     </span>
     <span class='ocr_line' id='line_1_10' title="bbox 281 1205 1425 1277; baseline 0.002 -15"><span class='ocrx_word' id='word_1_84' title='bbox 281 1205 393 1262; x_wconf 87' lang='lat' dir='ltr'><strong>initium</strong></span> <span class='ocrx_word' id='word_1_85' title='bbox 417 1208 460 1260; x_wconf 88' lang='lat' dir='ltr'><strong>est</strong></span> <span class='ocrx_word' id='word_1_86' title='bbox 482 1205 523 1259; x_wconf 83' lang='lat' dir='ltr'><strong>id:</strong></span> <span class='ocrx_word' id='word_1_87' title='bbox 551 1205 637 1275; x_wconf 84' lang='lat' dir='ltr'><strong>‘atat‚</strong></span> <span class='ocrx_word' id='word_1_88' title='bbox 660 1207 765 1273; x_wconf 65' lang='lat' dir='ltr'><strong>tarem,</strong></span> <span class='ocrx_word' id='word_1_89' title='bbox 789 1207 891 1262; x_wconf 87' lang='lat' dir='ltr'><strong>habete</strong></span> <span class='ocrx_word' id='word_1_90' title='bbox 910 1206 1034 1262; x_wconf 85' lang='lat' dir='ltr'><strong>animum</strong></span> <span class='ocrx_word' id='word_1_91' title='bbox 1052 1206 1183 1275; x_wconf 85' lang='lat' dir='ltr'><strong>bonnm’;</strong></span> <span class='ocrx_word' id='word_1_92' title='bbox 1209 1208 1327 1277; x_wconf 79' lang='lat' dir='ltr'><strong>quartus</strong></span> <span class='ocrx_word' id='word_1_93' title='bbox 1345 1209 1425 1264; x_wconf 78' lang='lat' dir='ltr'><strong>actus</strong></span> 
     </span>
     <span class='ocr_line' id='line_1_11' title="bbox 280 1294 1426 1367; baseline 0.002 -17"><span class='ocrx_word' id='word_1_94' title='bbox 280 1295 382 1352; x_wconf 84' lang='lat' dir='ltr'><strong>isest=</strong></span> <span class='ocrx_word' id='word_1_95' title='bbox 407 1295 487 1352; x_wconf 80' lang='lat' dir='ltr'><strong>‘aare</strong></span> <span class='ocrx_word' id='word_1_96' title='bbox 514 1294 699 1365; x_wconf 85' lang='lat' dir='ltr'><strong>praeterbitas</strong></span> <span class='ocrx_word' id='word_1_97' title='bbox 721 1296 795 1352; x_wconf 83' lang='lat' dir='ltr'><strong>ullae</strong></span> <span class='ocrx_word' id='word_1_98' title='bbox 818 1296 905 1364; x_wconf 80' lang='lat' dir='ltr'><strong>aedis,</strong></span> <span class='ocrx_word' id='word_1_99' title='bbox 928 1296 997 1365; x_wconf 89' lang='lat' dir='ltr'><strong>quin</strong></span> <span class='ocrx_word' id='word_1_100' title='bbox 1014 1297 1123 1367; x_wconf 55' lang='grc' dir='ltr'><strong>τοκεύς</strong></span> <span class='ocrx_word' id='word_1_101' title='bbox 1146 1295 1264 1352; x_wconf 88' lang='lat' dir='ltr'><strong>ultimus</strong></span> <span class='ocrx_word' id='word_1_102' title='bbox 1283 1298 1362 1354; x_wconf 83' lang='lat' dir='ltr'><strong>cotue</strong></span> <span class='ocrx_word' id='word_1_103' title='bbox 1381 1296 1426 1352; x_wconf 90' lang='lat' dir='ltr'><strong>hic</strong></span> 
     </span>
     <span class='ocr_line' id='line_1_12' title="bbox 283 1383 1008 1455; baseline 0.001 -16"><span class='ocrx_word' id='word_1_104' title='bbox 283 1385 410 1455; x_wconf 81' lang='lat' dir='ltr'><strong>putatur:</strong></span> <span class='ocrx_word' id='word_1_105' title='bbox 432 1383 468 1439; x_wconf 81' lang='lat' dir='ltr'><strong>‘si</strong></span> <span class='ocrx_word' id='word_1_106' title='bbox 486 1384 554 1454; x_wconf 86' lang='lat' dir='ltr'><strong>qnid</strong></span> <span class='ocrx_word' id='word_1_107' title='bbox 573 1385 616 1439; x_wconf 89' lang='lat' dir='ltr'><strong>est</strong></span> <span class='ocrx_word' id='word_1_108' title='bbox 633 1383 794 1439; x_wconf 87' lang='lat' dir='ltr'><strong>huiusmodi</strong></span> <span class='ocrx_word' id='word_1_109' title='bbox 812 1383 1008 1440; x_wconf 68' lang='lat' dir='ltr'><strong>miseriarum.¹</strong></span> 
     </span>
    </p>
   </div>
   <div class='ocr_carea' id='block_1_4' title="bbox 281 1561 1432 3237">
    <p class='ocr_par' dir='ltr' id='par_1_5' title="bbox 695 1561 1017 1618">
     <span class='ocr_line' id='line_1_13' title="bbox 695 1561 1017 1618; baseline 0.006 -2"><span class='ocrx_word' id='word_1_110' title='bbox 695 1563 739 1618; x_wconf 89' lang='lat' dir='ltr'><strong>Zu</strong></span> <span class='ocrx_word' id='word_1_111' title='bbox 757 1562 828 1618; x_wconf 81' lang='lat' dir='ltr'><strong>Act.</strong></span> <span class='ocrx_word' id='word_1_112' title='bbox 847 1563 860 1616; x_wconf 97' lang='lat' dir='ltr'>I</span> <span class='ocrx_word' id='word_1_113' title='bbox 879 1561 971 1618; x_wconf 81' lang='lat' dir='ltr'><strong>Scan.</strong></span> <span class='ocrx_word' id='word_1_114' title='bbox 991 1563 1017 1618; x_wconf 66' lang='lat' dir='ltr'><strong>l:</strong></span> 
     </span>
    </p>

    <p class='ocr_par' dir='ltr' id='par_1_6' title="bbox 281 1649 1431 1989">
     <span class='ocr_line' id='line_1_14' title="bbox 361 1649 1431 1722; baseline 0 -16"><span class='ocrx_word' id='word_1_115' title='bbox 361 1652 526 1721; x_wconf 87' lang='lat' dir='ltr'><strong>Loqnuntur</strong></span> <span class='ocrx_word' id='word_1_116' title='bbox 539 1651 670 1707; x_wconf 90' lang='lat' dir='ltr'><strong>hocloco</strong></span> <span class='ocrx_word' id='word_1_117' title='bbox 689 1649 817 1706; x_wconf 82' lang='lat' dir='ltr'><strong>conservi</strong></span> <span class='ocrx_word' id='word_1_118' title='bbox 831 1650 898 1706; x_wconf 88' lang='lat' dir='ltr'><strong>duo:</strong></span> <span class='ocrx_word' id='word_1_119' title='bbox 918 1649 1051 1721; x_wconf 81' lang='lat' dir='ltr'><strong>Epidicus</strong></span> <span class='ocrx_word' id='word_1_120' title='bbox 1070 1651 1142 1708; x_wconf 78' lang='lat' dir='ltr'><strong>ulter</strong></span> <span class='ocrx_word' id='word_1_121' title='bbox 1161 1651 1210 1722; x_wconf 86' lang='lat' dir='ltr'><strong>qui</strong></span> <span class='ocrx_word' id='word_1_122' title='bbox 1228 1649 1305 1708; x_wconf 88' lang='lat' dir='ltr'><strong>domi</strong></span> <span class='ocrx_word' id='word_1_123' title='bbox 1322 1665 1431 1708; x_wconf 85' lang='lat' dir='ltr'><strong>manse-</strong></span> 
     </span>
     <span class='ocr_line' id='line_1_15' title="bbox 281 1737 1430 1811; baseline -0.003 -14"><span class='ocrx_word' id='word_1_124' title='bbox 281 1743 341 1811; x_wconf 88' lang='lat' dir='ltr'><strong>rat,</strong></span> <span class='ocrx_word' id='word_1_125' title='bbox 364 1741 436 1796; x_wconf 86' lang='lat' dir='ltr'><strong>ulter</strong></span> <span class='ocrx_word' id='word_1_126' title='bbox 459 1757 524 1795; x_wconf 83' lang='lat' dir='ltr'><strong>vero</strong></span> <span class='ocrx_word' id='word_1_127' title='bbox 548 1738 664 1808; x_wconf 85' lang='lat' dir='ltr'><strong>Tesprio</strong></span> <span class='ocrx_word' id='word_1_128' title='bbox 687 1737 735 1807; x_wconf 86' lang='lat' dir='ltr'><strong>qui</strong></span> <span class='ocrx_word' id='word_1_129' title='bbox 759 1737 977 1809; x_wconf 84' lang='lat' dir='ltr'><strong>Stratiphoolem</strong></span> <span class='ocrx_word' id='word_1_130' title='bbox 1008 1739 1158 1796; x_wconf 81' lang='lat' dir='ltr'><strong>comitatus</strong></span> <span class='ocrx_word' id='word_1_131' title='bbox 1186 1739 1279 1794; x_wconf 83' lang='lat' dir='ltr'><strong>luerat</strong></span> <span class='ocrx_word' id='word_1_132' title='bbox 1300 1739 1330 1794; x_wconf 92' lang='lat' dir='ltr'><strong>in</strong></span> <span class='ocrx_word' id='word_1_133' title='bbox 1354 1755 1430 1796; x_wconf 82' lang='lat' dir='ltr'><strong>exer·</strong></span> 
     </span>
     <span class='ocr_line' id='line_1_16' title="bbox 283 1827 1431 1899; baseline -0.002 -13"><span class='ocrx_word' id='word_1_134' title='bbox 283 1831 381 1886; x_wconf 90' lang='lat' dir='ltr'><strong>citum.</strong></span> <span class='ocrx_word' id='word_1_135' title='bbox 417 1829 455 1884; x_wconf 89' lang='lat' dir='ltr'><strong>Hi</strong></span> <span class='ocrx_word' id='word_1_136' title='bbox 477 1829 612 1899; x_wconf 86' lang='lat' dir='ltr'><strong>primum,</strong></span> <span class='ocrx_word' id='word_1_137' title='bbox 633 1829 664 1883; x_wconf 84' lang='lat' dir='ltr'><strong>nt</strong></span> <span class='ocrx_word' id='word_1_138' title='bbox 681 1843 741 1884; x_wconf 89' lang='lat' dir='ltr'><strong>mos</strong></span> <span class='ocrx_word' id='word_1_139' title='bbox 760 1829 974 1898; x_wconf 83' lang='lat' dir='ltr'><strong>estservornm,</strong></span> <span class='ocrx_word' id='word_1_140' title='bbox 992 1827 1161 1885; x_wconf 83' lang='lat' dir='ltr'><strong>seinvicem</strong></span> <span class='ocrx_word' id='word_1_141' title='bbox 1179 1829 1292 1885; x_wconf 86' lang='lat' dir='ltr'><strong>adeunt.</strong></span> <span class='ocrx_word' id='word_1_142' title='bbox 1329 1829 1431 1885; x_wconf 78' lang='lat' dir='ltr'><strong>Postea</strong></span> 
     </span>
     <span class='ocr_line' id='line_1_17' title="bbox 286 1915 1168 1989; baseline -0.002 -15"><span class='ocrx_word' id='word_1_143' title='bbox 286 1919 420 1989; x_wconf 84' lang='lat' dir='ltr'><strong>Epidicus</strong></span> <span class='ocrx_word' id='word_1_144' title='bbox 439 1918 473 1974; x_wconf 88' lang='lat' dir='ltr'><strong>de</strong></span> <span class='ocrx_word' id='word_1_145' title='bbox 493 1917 691 1988; x_wconf 83' lang='lat' dir='ltr'><strong>Stratiphoole,</strong></span> <span class='ocrx_word' id='word_1_146' title='bbox 709 1915 875 1986; x_wconf 81' lang='lat' dir='ltr'><strong>Periphauis</strong></span> <span class='ocrx_word' id='word_1_147' title='bbox 893 1917 961 1987; x_wconf 85' lang='lat' dir='ltr'><strong>iilic,</strong></span> <span class='ocrx_word' id='word_1_148' title='bbox 979 1919 1168 1988; x_wconf 85' lang='lat' dir='ltr'><strong>percontetur.</strong></span> 
     </span>
    </p>

    <p class='ocr_par' dir='ltr' id='par_1_7' title="bbox 285 2005 1430 2167">
     <span class='ocr_line' id='line_1_18' title="bbox 354 2005 1430 2064; baseline -0.001 -1"><span class='ocrx_word' id='word_1_149' title='bbox 354 2009 450 2063; x_wconf 80' lang='lat' dir='ltr'><strong>Danu</strong></span> <span class='ocrx_word' id='word_1_150' title='bbox 477 2005 597 2062; x_wconf 87' lang='lat' dir='ltr'><strong>stehen</strong></span> <span class='ocrx_word' id='word_1_151' title='bbox 623 2023 661 2060; x_wconf 85' lang='lat' dir='ltr'><strong>au</strong></span> <span class='ocrx_word' id='word_1_152' title='bbox 686 2005 749 2061; x_wconf 88' lang='lat' dir='ltr'><strong>den</strong></span> <span class='ocrx_word' id='word_1_153' title='bbox 777 2007 892 2062; x_wconf 85' lang='lat' dir='ltr'><strong>ersten</strong></span> <span class='ocrx_word' id='word_1_154' title='bbox 919 2005 1049 2062; x_wconf 83' lang='lat' dir='ltr'><strong>Vereen</strong></span> <span class='ocrx_word' id='word_1_155' title='bbox 1077 2005 1172 2062; x_wconf 82' lang='lat' dir='ltr'><strong>diere</strong></span> <span class='ocrx_word' id='word_1_156' title='bbox 1199 2007 1430 2064; x_wconf 88' lang='lat' dir='ltr'><strong>Interlinear·</strong></span> 
     </span>
     <span class='ocr_line' id='line_1_19' title="bbox 285 2096 456 2167; baseline -0.012 -15"><span class='ocrx_word' id='word_1_157' title='bbox 285 2096 456 2167; x_wconf 74' lang='lat' dir='ltr'><strong>scholion:</strong></span> 
     </span>
    </p>

    <p class='ocr_par' dir='ltr' id='par_1_8' title="bbox 354 2183 672 2254">
     <span class='ocr_line' id='line_1_20' title="bbox 354 2183 672 2254; baseline -0.006 -14"><span class='ocrx_word' id='word_1_158' title='bbox 354 2204 381 2242; x_wconf 84' lang='lat' dir='ltr'><strong>v.</strong></span> <span class='ocrx_word' id='word_1_159' title='bbox 403 2192 415 2240; x_wconf 88' lang='lat'><em>1</em></span> <span class='ocrx_word' id='word_1_160' title='bbox 435 2185 516 2254; x_wconf 81' lang='lat' dir='ltr'><strong>luens]</strong></span> <span class='ocrx_word' id='word_1_161' title='bbox 537 2183 672 2239; x_wconf 84' lang='lat' dir='ltr'><strong>vocantis.</strong></span> 
     </span>
    </p>

    <p class='ocr_par' dir='ltr' id='par_1_9' title="bbox 437 2269 1333 2344">
     <span class='ocr_line' id='line_1_21' title="bbox 437 2269 1333 2344; baseline 0.002 -16"><span class='ocrx_word' id='word_1_162' title='bbox 437 2274 500 2344; x_wconf 84' lang='lat' dir='ltr'><strong>quis</strong></span> <span class='ocrx_word' id='word_1_163' title='bbox 518 2273 728 2344; x_wconf 85' lang='lat' dir='ltr'><strong>properantem]</strong></span> <span class='ocrx_word' id='word_1_164' title='bbox 748 2269 826 2326; x_wconf 84' lang='lat' dir='ltr'><strong>abire</strong></span> <span class='ocrx_word' id='word_1_165' title='bbox 844 2270 1025 2326; x_wconf 74' lang='lat' dir='ltr'><strong>festinantem</strong></span> <span class='ocrx_word' id='word_1_166' title='bbox 1044 2271 1230 2342; x_wconf 71' lang='lat' dir='ltr'><strong>apprehendit</strong></span> <span class='ocrx_word' id='word_1_167' title='bbox 1248 2275 1333 2330; x_wconf 83' lang='lat' dir='ltr'><strong>reete.</strong></span> 
     </span>
    </p>

    <p class='ocr_par' dir='ltr' id='par_1_10' title="bbox 356 2359 979 2432">
     <span class='ocr_line' id='line_1_22' title="bbox 356 2359 979 2432; baseline -0.003 -14"><span class='ocrx_word' id='word_1_168' title='bbox 356 2382 383 2418; x_wconf 82' lang='lat' dir='ltr'><strong>v.</strong></span> <span class='ocrx_word' id='word_1_169' title='bbox 402 2370 418 2418; x_wconf 78' lang='grc'>2</span> <span class='ocrx_word' id='word_1_170' title='bbox 439 2362 502 2418; x_wconf 91' lang='lat' dir='ltr'><strong>odio</strong></span> <span class='ocrx_word' id='word_1_171' title='bbox 522 2363 565 2432; x_wconf 84' lang='lat' dir='ltr'><strong>es]</strong></span> <span class='ocrx_word' id='word_1_172' title='bbox 584 2359 802 2431; x_wconf 86' lang='lat' dir='ltr'><strong>importunitati,</strong></span> <span class='ocrx_word' id='word_1_173' title='bbox 820 2360 907 2416; x_wconf 87' lang='lat' dir='ltr'><strong>uteris</strong></span> <span class='ocrx_word' id='word_1_174' title='bbox 925 2376 979 2416; x_wconf 82' lang='lat' dir='ltr'><strong>rna.</strong></span> 
     </span>
    </p>

    <p class='ocr_par' dir='ltr' id='par_1_11' title="bbox 356 2448 704 2520">
     <span class='ocr_line' id='line_1_23' title="bbox 356 2448 704 2520; baseline -0.003 -14"><span class='ocrx_word' id='word_1_175' title='bbox 356 2471 382 2510; x_wconf 82' lang='lat' dir='ltr'><strong>r.</strong></span> <span class='ocrx_word' id='word_1_176' title='bbox 402 2459 418 2506; x_wconf 83' lang='grc'>3</span> <span class='ocrx_word' id='word_1_177' title='bbox 437 2449 593 2520; x_wconf 76' lang='lat' dir='ltr'><strong>conspicor]</strong></span> <span class='ocrx_word' id='word_1_178' title='bbox 614 2448 704 2505; x_wconf 85' lang='lat' dir='ltr'><strong>video.</strong></span> 
     </span>
    </p>

    <p class='ocr_par' dir='ltr' id='par_1_12' title="bbox 357 2538 672 2610">
     <span class='ocr_line' id='line_1_24' title="bbox 357 2538 672 2610; baseline -0.013 -13"><span class='ocrx_word' id='word_1_179' title='bbox 357 2561 383 2597; x_wconf 85' lang='lat' dir='ltr'><strong>v.</strong></span> <span class='ocrx_word' id='word_1_180' title='bbox 402 2547 419 2596; x_wconf 78' lang='grc'>4</span> <span class='ocrx_word' id='word_1_181' title='bbox 439 2539 528 2610; x_wconf 87' lang='lat' dir='ltr'><strong>salve]</strong></span> <span class='ocrx_word' id='word_1_182' title='bbox 547 2538 672 2609; x_wconf 78' lang='lat' dir='ltr'><strong>Epidico.</strong></span> 
     </span>
    </p>

    <p class='ocr_par' dir='ltr' id='par_1_13' title="bbox 356 2627 1154 2699">
     <span class='ocr_line' id='line_1_25' title="bbox 356 2627 1154 2699; baseline -0.003 -13"><span class='ocrx_word' id='word_1_183' title='bbox 356 2651 383 2685; x_wconf 88' lang='lat' dir='ltr'><strong>v.</strong></span> <span class='ocrx_word' id='word_1_184' title='bbox 403 2637 419 2686; x_wconf 78' lang='lat' dir='ltr'><strong>n</strong></span> <span class='ocrx_word' id='word_1_185' title='bbox 439 2645 499 2684; x_wconf 83' lang='lat' dir='ltr'><strong>esse</strong></span> <span class='ocrx_word' id='word_1_186' title='bbox 518 2627 595 2698; x_wconf 87' lang='lat' dir='ltr'><strong>qnod</strong></span> <span class='ocrx_word' id='word_1_187' title='bbox 612 2628 727 2699; x_wconf 77' lang='lat' dir='ltr'><strong>assolet]</strong></span> <span class='ocrx_word' id='word_1_188' title='bbox 748 2628 822 2698; x_wconf 87' lang='lat' dir='ltr'><strong>quod</strong></span> <span class='ocrx_word' id='word_1_189' title='bbox 842 2629 1006 2684; x_wconf 86' lang='lat' dir='ltr'><strong>consuetum</strong></span> <span class='ocrx_word' id='word_1_190' title='bbox 1025 2630 1069 2684; x_wconf 86' lang='lat' dir='ltr'><strong>est</strong></span> <span class='ocrx_word' id='word_1_191' title='bbox 1087 2629 1154 2686; x_wconf 89' lang='lat' dir='ltr'><strong>fieri.</strong></span> 
     </span>
    </p>

    <p class='ocr_par' dir='ltr' id='par_1_14' title="bbox 357 2716 859 2790">
     <span class='ocr_line' id='line_1_26' title="bbox 357 2716 859 2790; baseline -0.004 -17"><span class='ocrx_word' id='word_1_192' title='bbox 357 2739 383 2774; x_wconf 85' lang='lat' dir='ltr'><strong>r.</strong></span> <span class='ocrx_word' id='word_1_193' title='bbox 403 2727 419 2775; x_wconf 85' lang='lat'><strong>6</strong></span> <span class='ocrx_word' id='word_1_194' title='bbox 439 2718 538 2790; x_wconf 85' lang='lat' dir='ltr'><strong>coena]</strong></span> <span class='ocrx_word' id='word_1_195' title='bbox 558 2716 715 2788; x_wconf 83' lang='lat' dir='ltr'><strong>splendida,</strong></span> <span class='ocrx_word' id='word_1_196' title='bbox 734 2716 859 2788; x_wconf 79' lang='lat' dir='ltr'><strong>opipara</strong></span> 
     </span>
    </p>

    <p class='ocr_par' dir='ltr' id='par_1_15' title="bbox 286 2805 1432 3237">
     <span class='ocr_line' id='line_1_27' title="bbox 358 2805 1432 2878; baseline 0.002 -14"><span class='ocrx_word' id='word_1_197' title='bbox 358 2829 383 2866; x_wconf 90' lang='lat' dir='ltr'><strong>v.</strong></span> <span class='ocrx_word' id='word_1_198' title='bbox 404 2816 418 2864; x_wconf 77' lang='lat'>7</span> <span class='ocrx_word' id='word_1_199' title='bbox 438 2807 506 2877; x_wconf 87' lang='lat' dir='ltr'><strong>quid</strong></span> <span class='ocrx_word' id='word_1_200' title='bbox 524 2810 555 2862; x_wconf 88' lang='lat' dir='ltr'><strong>tu</strong></span> <span class='ocrx_word' id='word_1_201' title='bbox 574 2805 647 2878; x_wconf 78' lang='lat' dir='ltr'><strong>agis]</strong></span> <span class='ocrx_word' id='word_1_202' title='bbox 673 2823 689 2862; x_wconf 95' lang='lat' dir='ltr'><strong>o</strong></span> <span class='ocrx_word' id='word_1_203' title='bbox 709 2805 838 2876; x_wconf 67' lang='lat' dir='ltr'><strong>Terpno,</strong></span> <span class='ocrx_word' id='word_1_204' title='bbox 864 2821 931 2862; x_wconf 88' lang='lat' dir='ltr'><strong>num</strong></span> <span class='ocrx_word' id='word_1_205' title='bbox 950 2805 1039 2864; x_wconf 78' lang='lat' dir='ltr'><strong>vitam</strong></span> <span class='ocrx_word' id='word_1_206' title='bbox 1057 2806 1135 2864; x_wconf 91' lang='lat' dir='ltr'><strong>ducis</strong></span> <span class='ocrx_word' id='word_1_207' title='bbox 1154 2825 1188 2862; x_wconf 84' lang='lat' dir='ltr'><strong>er</strong></span> <span class='ocrx_word' id='word_1_208' title='bbox 1207 2808 1294 2864; x_wconf 89' lang='lat' dir='ltr'><strong>animi</strong></span> <span class='ocrx_word' id='word_1_209' title='bbox 1312 2809 1354 2864; x_wconf 88' lang='lat' dir='ltr'><strong>tui</strong></span> <span class='ocrx_word' id='word_1_210' title='bbox 1373 2827 1432 2866; x_wconf 87' lang='lat' dir='ltr'><strong>sen·</strong></span> 
     </span>
     <span class='ocr_line' id='line_1_28' title="bbox 287 2899 1353 2956; baseline -0.003 0"><span class='ocrx_word' id='word_1_211' title='bbox 287 2899 384 2956; x_wconf 85' lang='lat' dir='ltr'><strong>tentia.</strong></span> <span class='ocrx_word' id='word_1_212' title='bbox 1349 2935 1353 2940; x_wconf 90' lang='lat'><em>-</em></span> 
     </span>
     <span class='ocr_line' id='line_1_29' title="bbox 358 2984 1432 3057; baseline -0.001 -15"><span class='ocrx_word' id='word_1_213' title='bbox 358 2986 517 3056; x_wconf 88' lang='lat' dir='ltr'><strong>exemplum</strong></span> <span class='ocrx_word' id='word_1_214' title='bbox 527 2984 618 3056; x_wconf 87' lang='lat' dir='ltr'><strong>adest]</strong></span> <span class='ocrx_word' id='word_1_215' title='bbox 633 2984 707 3055; x_wconf 84' lang='lat' dir='ltr'><strong>petis</strong></span> <span class='ocrx_word' id='word_1_216' title='bbox 721 2987 754 3040; x_wconf 91' lang='lat' dir='ltr'><strong>ut</strong></span> <span class='ocrx_word' id='word_1_217' title='bbox 767 2984 887 3053; x_wconf 83' lang='lat' dir='ltr'><strong>valeam,</strong></span> <span class='ocrx_word' id='word_1_218' title='bbox 901 3001 936 3040; x_wconf 86' lang='lat' dir='ltr'><strong>ex</strong></span> <span class='ocrx_word' id='word_1_219' title='bbox 946 2985 1026 3042; x_wconf 86' lang='lat' dir='ltr'><strong>vultu</strong></span> <span class='ocrx_word' id='word_1_220' title='bbox 1039 3001 1207 3056; x_wconf 78' lang='lat' dir='ltr'><strong>cognoscere</strong></span> <span class='ocrx_word' id='word_1_221' title='bbox 1221 2985 1329 3056; x_wconf 85' lang='lat' dir='ltr'><strong>liquido</strong></span> <span class='ocrx_word' id='word_1_222' title='bbox 1344 2989 1432 3057; x_wconf 85' lang='lat' dir='ltr'><strong>potes.</strong></span> 
     </span>
     <span class='ocr_line' id='line_1_30' title="bbox 286 3072 1432 3144; baseline -0.005 -11"><span class='ocrx_word' id='word_1_223' title='bbox 286 3079 311 3134; x_wconf 91' lang='lat' dir='ltr'><strong>is</strong></span> <span class='ocrx_word' id='word_1_224' title='bbox 326 3077 399 3132; x_wconf 87' lang='lat' dir='ltr'><strong>euim</strong></span> <span class='ocrx_word' id='word_1_225' title='bbox 414 3073 501 3130; x_wconf 82' lang='lat' dir='ltr'><strong>veluti</strong></span> <span class='ocrx_word' id='word_1_226' title='bbox 520 3073 621 3128; x_wconf 88' lang='lat' dir='ltr'><strong>ruentis</strong></span> <span class='ocrx_word' id='word_1_227' title='bbox 639 3073 766 3144; x_wconf 89' lang='lat' dir='ltr'><strong>proditor</strong></span> <span class='ocrx_word' id='word_1_228' title='bbox 783 3072 836 3129; x_wconf 90' lang='lat' dir='ltr'><strong>tibi</strong></span> <span class='ocrx_word' id='word_1_229' title='bbox 854 3073 1013 3143; x_wconf 85' lang='lat' dir='ltr'><strong>exemplum</strong></span> <span class='ocrx_word' id='word_1_230' title='bbox 1033 3077 1139 3132; x_wconf 86' lang='lat' dir='ltr'><strong>certum</strong></span> <span class='ocrx_word' id='word_1_231' title='bbox 1158 3077 1188 3132; x_wconf 87' lang='lat' dir='ltr'><strong>et</strong></span> <span class='ocrx_word' id='word_1_232' title='bbox 1206 3074 1330 3130; x_wconf 83' lang='lat' dir='ltr'><strong>validum</strong></span> <span class='ocrx_word' id='word_1_233' title='bbox 1345 3073 1432 3142; x_wconf 85' lang='lat' dir='ltr'><strong>dabit,</strong></span> 
     </span>
     <span class='ocr_line' id='line_1_31' title="bbox 288 3163 634 3237; baseline -0.017 -15"><span class='ocrx_word' id='word_1_234' title='bbox 288 3163 523 3237; x_wconf 85' lang='lat' dir='ltr'><strong>quemadmodum</strong></span> <span class='ocrx_word' id='word_1_235' title='bbox 542 3179 634 3233; x_wconf 78' lang='lat' dir='ltr'><strong>egam.</strong></span> 
     </span>
    </p>
   </div>
   <div class='ocr_carea' id='block_1_5' title="bbox 386 3412 1334 3499">
    <p class='ocr_par' dir='ltr' id='par_1_16' title="bbox 386 3412 1334 3499">
     <span class='ocr_line' id='line_1_32' title="bbox 386 3412 1334 3499; baseline -0.003 -18"><span class='ocrx_word' id='word_1_236' title='bbox 386 3416 444 3481; x_wconf 86' lang='grc' dir='ltr'><strong>ΙΙΙ.</strong></span> <span class='ocrx_word' id='word_1_237' title='bbox 482 3414 635 3479; x_wconf 78' lang='lat' dir='ltr'><strong>Werler’s</strong></span> <span class='ocrx_word' id='word_1_238' title='bbox 658 3413 845 3499; x_wconf 79' lang='lat' dir='ltr'><strong>Erkliirung</strong></span> <span class='ocrx_word' id='word_1_239' title='bbox 868 3437 932 3479; x_wconf 88' lang='lat' dir='ltr'><strong>von</strong></span> <span class='ocrx_word' id='word_1_240' title='bbox 955 3412 1114 3480; x_wconf 86' lang='lat' dir='ltr'><strong>Horatius</strong></span> <span class='ocrx_word' id='word_1_241' title='bbox 1137 3415 1241 3498; x_wconf 84' lang='lat' dir='ltr'><strong>Epist.</strong></span> <span class='ocrx_word' id='word_1_242' title='bbox 1265 3415 1281 3478; x_wconf 94' lang='lat' dir='ltr'><strong>l</strong></span> <span class='ocrx_word' id='word_1_243' title='bbox 1308 3416 1334 3479; x_wconf 93' lang='lat' dir='ltr'><strong>l.</strong></span> 
     </span>
    </p>
   </div>
   <div class='ocr_carea' id='block_1_6' title="bbox 289 3552 1433 3713">
    <p class='ocr_par' dir='ltr' id='par_1_17' title="bbox 289 3552 1433 3713">
     <span class='ocr_line' id='line_1_33' title="bbox 289 3552 1433 3625; baseline -0.006 -13"><span class='ocrx_word' id='word_1_244' title='bbox 289 3558 372 3625; x_wconf 82' lang='lat' dir='ltr'><strong>(nach</strong></span> <span class='ocrx_word' id='word_1_245' title='bbox 391 3553 569 3624; x_wconf 85' lang='lat' dir='ltr'><strong>Sporbroth&#39;s</strong></span> <span class='ocrx_word' id='word_1_246' title='bbox 592 3553 672 3620; x_wconf 75' lang='lat' dir='ltr'><strong>Heli,</strong></span> <span class='ocrx_word' id='word_1_247' title='bbox 691 3569 745 3608; x_wconf 84' lang='lat' dir='ltr'><strong>ron</strong></span> <span class='ocrx_word' id='word_1_248' title='bbox 765 3553 828 3608; x_wconf 88' lang='lat' dir='ltr'><strong>dem</strong></span> <span class='ocrx_word' id='word_1_249' title='bbox 847 3552 892 3607; x_wconf 87' lang='lat' dir='ltr'><strong>die</strong></span> <span class='ocrx_word' id='word_1_250' title='bbox 911 3553 1091 3608; x_wconf 81' lang='lat' dir='ltr'><strong>Nacheohriit</strong></span> <span class='ocrx_word' id='word_1_251' title='bbox 1108 3571 1153 3608; x_wconf 88' lang='lat' dir='ltr'><strong>aur</strong></span> <span class='ocrx_word' id='word_1_252' title='bbox 1172 3553 1270 3610; x_wconf 79' lang='lat' dir='ltr'><strong>Raude</strong></span> <span class='ocrx_word' id='word_1_253' title='bbox 1288 3553 1338 3609; x_wconf 84' lang='lat' dir='ltr'><strong>(lor</strong></span> <span class='ocrx_word' id='word_1_254' title='bbox 1354 3553 1433 3608; x_wconf 87' lang='lat' dir='ltr'><strong>Wer-</strong></span> 
     </span>
     <span class='ocr_line' id='line_1_34' title="bbox 364 3640 1362 3713; baseline -0.005 -13"><span class='ocrx_word' id='word_1_255' title='bbox 364 3643 502 3700; x_wconf 81' lang='lat' dir='ltr'><strong>ler&#39;sohen</strong></span> <span class='ocrx_word' id='word_1_256' title='bbox 520 3640 651 3712; x_wconf 80' lang='lat' dir='ltr'><strong>Ansgabe</strong></span> <span class='ocrx_word' id='word_1_257' title='bbox 668 3659 726 3697; x_wconf 87' lang='lat' dir='ltr'><strong>rou</strong></span> <span class='ocrx_word' id='word_1_258' title='bbox 745 3647 813 3696; x_wconf 76' lang='lat'>1512</span> <span class='ocrx_word' id='word_1_259' title='bbox 832 3660 885 3697; x_wconf 88' lang='lat' dir='ltr'><strong>nur</strong></span> <span class='ocrx_word' id='word_1_260' title='bbox 903 3642 952 3697; x_wconf 88' lang='lat' dir='ltr'><strong>der</strong></span> <span class='ocrx_word' id='word_1_261' title='bbox 969 3643 1096 3713; x_wconf 76' lang='lat' dir='ltr'><strong>chsnng</strong></span> <span class='ocrx_word' id='word_1_262' title='bbox 1112 3643 1185 3697; x_wconf 90' lang='lat' dir='ltr'><strong>nach</strong></span> <span class='ocrx_word' id='word_1_263' title='bbox 1204 3643 1362 3712; x_wconf 81' lang='lat' dir='ltr'><strong>abweicht.)</strong></span> 
     </span>
    </p>
   </div>
   <div class='ocr_carea' id='block_1_7' title="bbox 289 3765 1436 4549">
    <p class='ocr_par' dir='ltr' id='par_1_18' title="bbox 289 3765 1436 4549">
     <span class='ocr_line' id='line_1_35' title="bbox 361 3765 1435 3838; baseline 0 -16"><span class='ocrx_word' id='word_1_264' title='bbox 361 3769 439 3824; x_wconf 85' lang='lat' dir='ltr'><strong>Haeo</strong></span> <span class='ocrx_word' id='word_1_265' title='bbox 467 3766 559 3838; x_wconf 88' lang='lat' dir='ltr'><strong>prima</strong></span> <span class='ocrx_word' id='word_1_266' title='bbox 585 3765 696 3821; x_wconf 83' lang='lat' dir='ltr'><strong>Horatii</strong></span> <span class='ocrx_word' id='word_1_267' title='bbox 723 3766 845 3838; x_wconf 85' lang='lat' dir='ltr'><strong>epistola</strong></span> <span class='ocrx_word' id='word_1_268' title='bbox 866 3766 1005 3838; x_wconf 89' lang='lat' dir='ltr'><strong>prohemii</strong></span> <span class='ocrx_word' id='word_1_269' title='bbox 1026 3767 1119 3822; x_wconf 88' lang='lat' dir='ltr'><strong>locum</strong></span> <span class='ocrx_word' id='word_1_270' title='bbox 1143 3767 1243 3823; x_wconf 87' lang='lat' dir='ltr'><strong>sortita</strong></span> <span class='ocrx_word' id='word_1_271' title='bbox 1265 3769 1320 3836; x_wconf 85' lang='lat' dir='ltr'><strong>est;</strong></span> <span class='ocrx_word' id='word_1_272' title='bbox 1345 3765 1435 3822; x_wconf 85' lang='lat' dir='ltr'><strong>liece-</strong></span> 
     </span>
     <span class='ocr_line' id='line_1_36' title="bbox 289 3854 1435 3926; baseline -0.003 -12"><span class='ocrx_word' id='word_1_273' title='bbox 289 3862 386 3914; x_wconf 86' lang='lat' dir='ltr'><strong>uatem</strong></span> <span class='ocrx_word' id='word_1_274' title='bbox 400 3855 474 3912; x_wconf 84' lang='lat' dir='ltr'><strong>eninr</strong></span> <span class='ocrx_word' id='word_1_275' title='bbox 493 3873 574 3911; x_wconf 87' lang='lat' dir='ltr'><strong>suum</strong></span> <span class='ocrx_word' id='word_1_276' title='bbox 588 3854 742 3926; x_wconf 81' lang='lat' dir='ltr'><strong>alloquens¹</strong></span> <span class='ocrx_word' id='word_1_277' title='bbox 758 3854 806 3926; x_wconf 88' lang='lat' dir='ltr'><strong>qui</strong></span> <span class='ocrx_word' id='word_1_278' title='bbox 820 3873 870 3911; x_wconf 90' lang='lat' dir='ltr'><strong>sna</strong></span> <span class='ocrx_word' id='word_1_279' title='bbox 885 3856 983 3926; x_wconf 87' lang='lat' dir='ltr'><strong>sponte</strong></span> <span class='ocrx_word' id='word_1_280' title='bbox 993 3855 1172 3912; x_wconf 88' lang='lat' dir='ltr'><strong>vehementer</strong></span> <span class='ocrx_word' id='word_1_281' title='bbox 1185 3856 1214 3912; x_wconf 94' lang='lat' dir='ltr'><strong>in</strong></span> <span class='ocrx_word' id='word_1_282' title='bbox 1229 3872 1324 3912; x_wconf 89' lang='lat' dir='ltr'><strong>omnes</strong></span> <span class='ocrx_word' id='word_1_283' title='bbox 1337 3857 1435 3926; x_wconf 79' lang='lat' dir='ltr'><strong>poetas</strong></span> 
     </span>
     <span class='ocr_line' id='line_1_37' title="bbox 290 3942 1434 4018; baseline -0.001 -16"><span class='ocrx_word' id='word_1_284' title='bbox 290 3963 446 4018; x_wconf 81' lang='lat' dir='ltr'><strong>propensus</strong></span> <span class='ocrx_word' id='word_1_285' title='bbox 470 3947 531 3999; x_wconf 86' lang='lat' dir='ltr'><strong>erat</strong></span> <span class='ocrx_word' id='word_1_286' title='bbox 554 3948 584 4000; x_wconf 87' lang='lat' dir='ltr'><strong>ot</strong></span> <span class='ocrx_word' id='word_1_287' title='bbox 606 3943 635 3998; x_wconf 89' lang='lat' dir='ltr'><strong>iu</strong></span> <span class='ocrx_word' id='word_1_288' title='bbox 657 3943 733 4014; x_wconf 90' lang='lat' dir='ltr'><strong>ipsos</strong></span> <span class='ocrx_word' id='word_1_289' title='bbox 752 3943 878 4014; x_wconf 88' lang='lat' dir='ltr'><strong>apprime</strong></span> <span class='ocrx_word' id='word_1_290' title='bbox 897 3942 1031 4012; x_wconf 85' lang='lat' dir='ltr'><strong>liberalis,</strong></span> <span class='ocrx_word' id='word_1_291' title='bbox 1056 3943 1178 4014; x_wconf 87' lang='lat' dir='ltr'><strong>suscepti</strong></span> <span class='ocrx_word' id='word_1_292' title='bbox 1195 3945 1333 4016; x_wconf 87' lang='lat' dir='ltr'><strong>propositi</strong></span> <span class='ocrx_word' id='word_1_293' title='bbox 1351 3942 1434 4001; x_wconf 86' lang='lat' dir='ltr'><strong>ratio-</strong></span> 
     </span>
     <span class='ocr_line' id='line_1_38' title="bbox 290 4031 1435 4104; baseline -0.003 -12"><span class='ocrx_word' id='word_1_294' title='bbox 290 4053 355 4092; x_wconf 86' lang='lat' dir='ltr'><strong>nem</strong></span> <span class='ocrx_word' id='word_1_295' title='bbox 381 4033 504 4104; x_wconf 81' lang='lat' dir='ltr'><strong>explicat</strong></span> <span class='ocrx_word' id='word_1_296' title='bbox 533 4035 563 4088; x_wconf 89' lang='lat' dir='ltr'><strong>ct</strong></span> <span class='ocrx_word' id='word_1_297' title='bbox 592 4032 704 4104; x_wconf 82' lang='lat' dir='ltr'><strong>copiose</strong></span> <span class='ocrx_word' id='word_1_298' title='bbox 735 4033 855 4088; x_wconf 86' lang='lat' dir='ltr'><strong>enarrat.</strong></span> <span class='ocrx_word' id='word_1_299' title='bbox 899 4031 968 4087; x_wconf 88' lang='lat' dir='ltr'><strong>Cum</strong></span> <span class='ocrx_word' id='word_1_300' title='bbox 997 4031 1071 4087; x_wconf 88' lang='lat' dir='ltr'><strong>enim</strong></span> <span class='ocrx_word' id='word_1_301' title='bbox 1098 4032 1226 4103; x_wconf 78' lang='lat' dir='ltr'><strong>grauiore</strong></span> <span class='ocrx_word' id='word_1_302' title='bbox 1256 4033 1313 4088; x_wconf 82' lang='lat' dir='ltr'><strong>ium</strong></span> <span class='ocrx_word' id='word_1_303' title='bbox 1341 4033 1435 4089; x_wconf 85' lang='lat' dir='ltr'><strong>aetate</strong></span> 
     </span>
     <span class='ocr_line' id='line_1_39' title="bbox 290 4121 1436 4192; baseline -0.005 -10"><span class='ocrx_word' id='word_1_304' title='bbox 290 4124 459 4182; x_wconf 88' lang='lat' dir='ltr'><strong>constitutus</strong></span> <span class='ocrx_word' id='word_1_305' title='bbox 484 4121 636 4178; x_wconf 87' lang='lat' dir='ltr'><strong>teneriores</strong></span> <span class='ocrx_word' id='word_1_306' title='bbox 657 4123 751 4178; x_wconf 81' lang='lat' dir='ltr'><strong>Musae</strong></span> <span class='ocrx_word' id='word_1_307' title='bbox 774 4122 904 4177; x_wconf 86' lang='lat' dir='ltr'><strong>omittere</strong></span> <span class='ocrx_word' id='word_1_308' title='bbox 928 4125 958 4176; x_wconf 86' lang='lat' dir='ltr'><strong>et</strong></span> <span class='ocrx_word' id='word_1_309' title='bbox 984 4137 1027 4176; x_wconf 87' lang='lat' dir='ltr'><strong>res</strong></span> <span class='ocrx_word' id='word_1_310' title='bbox 1050 4138 1152 4192; x_wconf 79' lang='lat' dir='ltr'><strong>graves</strong></span> <span class='ocrx_word' id='word_1_311' title='bbox 1171 4123 1256 4192; x_wconf 79' lang='lat' dir='ltr'><strong>atque</strong></span> <span class='ocrx_word' id='word_1_312' title='bbox 1280 4139 1313 4177; x_wconf 85' lang='lat' dir='ltr'><strong>ex</strong></span> <span class='ocrx_word' id='word_1_313' title='bbox 1335 4121 1436 4176; x_wconf 82' lang='lat' dir='ltr'><strong>intima</strong></span> 
     </span>
     <span class='ocr_line' id='line_1_40' title="bbox 291 4209 1435 4284; baseline -0.003 -16"><span class='ocrx_word' id='word_1_314' title='bbox 291 4211 473 4284; x_wconf 87' lang='lat' dir='ltr'><strong>philosophia</strong></span> <span class='ocrx_word' id='word_1_315' title='bbox 496 4211 676 4281; x_wconf 84' lang='lat' dir='ltr'><strong>depromptas</strong></span> <span class='ocrx_word' id='word_1_316' title='bbox 696 4210 798 4266; x_wconf 86' lang='lat' dir='ltr'><strong>litteris</strong></span> <span class='ocrx_word' id='word_1_317' title='bbox 818 4210 951 4266; x_wconf 85' lang='lat' dir='ltr'><strong>mandare</strong></span> <span class='ocrx_word' id='word_1_318' title='bbox 973 4209 1169 4280; x_wconf 83' lang='lat' dir='ltr'><strong>constituisset,</strong></span> <span class='ocrx_word' id='word_1_319' title='bbox 1195 4211 1435 4281; x_wconf 78' lang='lat' dir='ltr'><strong>ingravescentem</strong></span> 
     </span>
     <span class='ocr_line' id='line_1_41' title="bbox 291 4298 1435 4370; baseline -0.003 -13"><span class='ocrx_word' id='word_1_320' title='bbox 291 4304 413 4357; x_wconf 81' lang='lat' dir='ltr'><strong>aetatem</strong></span> <span class='ocrx_word' id='word_1_321' title='bbox 440 4299 528 4356; x_wconf 88' lang='lat' dir='ltr'><strong>veluti</strong></span> <span class='ocrx_word' id='word_1_322' title='bbox 552 4299 747 4357; x_wconf 82' lang='lat' dir='ltr'><strong>lascivioribus</strong></span> <span class='ocrx_word' id='word_1_323' title='bbox 774 4299 906 4370; x_wconf 84' lang='lat' dir='ltr'><strong>nequitiis</strong></span> <span class='ocrx_word' id='word_1_324' title='bbox 933 4300 1059 4370; x_wconf 85' lang='lat' dir='ltr'><strong>ineptam</strong></span> <span class='ocrx_word' id='word_1_325' title='bbox 1085 4316 1169 4356; x_wconf 84' lang='lat' dir='ltr'><strong>suam</strong></span> <span class='ocrx_word' id='word_1_326' title='bbox 1190 4299 1219 4354; x_wconf 92' lang='lat' dir='ltr'><strong>in</strong></span> <span class='ocrx_word' id='word_1_327' title='bbox 1244 4301 1314 4356; x_wconf 85' lang='lat' dir='ltr'><strong>haec</strong></span> <span class='ocrx_word' id='word_1_328' title='bbox 1341 4298 1435 4354; x_wconf 85' lang='lat' dir='ltr'><strong>studia</strong></span> 
     </span>
     <span class='ocr_line' id='line_1_42' title="bbox 291 4387 1433 4462; baseline -0.001 -18"><span class='ocrx_word' id='word_1_329' title='bbox 291 4389 518 4462; x_wconf 84' lang='lat' dir='ltr'><strong>properationem</strong></span> <span class='ocrx_word' id='word_1_330' title='bbox 539 4387 670 4446; x_wconf 83' lang='lat' dir='ltr'><strong>insinuat</strong></span> <span class='ocrx_word' id='word_1_331' title='bbox 707 4388 937 4444; x_wconf 79' lang='lat' dir='ltr'><strong>Benevolentiam</strong></span> <span class='ocrx_word' id='word_1_332' title='bbox 964 4388 1054 4459; x_wconf 84' lang='lat' dir='ltr'><strong>primo</strong></span> <span class='ocrx_word' id='word_1_333' title='bbox 1084 4390 1183 4459; x_wconf 83' lang='lat' dir='ltr'><strong>captat</strong></span> <span class='ocrx_word' id='word_1_334' title='bbox 1209 4389 1246 4444; x_wconf 85' lang='lat' dir='ltr'><strong>ab</strong></span> <span class='ocrx_word' id='word_1_335' title='bbox 1271 4389 1332 4458; x_wconf 84' lang='lat' dir='ltr'><strong>ipso</strong></span> <span class='ocrx_word' id='word_1_336' title='bbox 1360 4387 1433 4443; x_wconf 83' lang='lat' dir='ltr'><strong>llae-</strong></span> 
     </span>
     <span class='ocr_line' id='line_1_43' title="bbox 291 4476 1436 4549; baseline -0.004 -14"><span class='ocrx_word' id='word_1_337' title='bbox 291 4480 389 4535; x_wconf 83' lang='lat' dir='ltr'><strong>cenate</strong></span> <span class='ocrx_word' id='word_1_338' title='bbox 406 4477 489 4532; x_wconf 89' lang='lat' dir='ltr'><strong>illum</strong></span> <span class='ocrx_word' id='word_1_339' title='bbox 511 4477 626 4549; x_wconf 76' lang='lat' dir='ltr'><strong>dignum</strong></span> <span class='ocrx_word' id='word_1_340' title='bbox 645 4477 772 4534; x_wconf 85' lang='lat' dir='ltr'><strong>iudicans</strong></span> <span class='ocrx_word' id='word_1_341' title='bbox 790 4477 839 4548; x_wconf 88' lang='lat' dir='ltr'><strong>qni</strong></span> <span class='ocrx_word' id='word_1_342' title='bbox 858 4477 932 4532; x_wconf 86' lang='lat' dir='ltr'><strong>siout</strong></span> <span class='ocrx_word' id='word_1_343' title='bbox 952 4478 981 4532; x_wconf 91' lang='lat' dir='ltr'><strong>in</strong></span> <span class='ocrx_word' id='word_1_344' title='bbox 1000 4476 1091 4548; x_wconf 83' lang='lat' dir='ltr'><strong>primo</strong></span> <span class='ocrx_word' id='word_1_345' title='bbox 1109 4476 1333 4533; x_wconf 70' lang='lat' dir='ltr'><strong>suo-coruinum</strong></span> <span class='ocrx_word' id='word_1_346' title='bbox 1352 4491 1436 4546; x_wconf 87' lang='lat' dir='ltr'><strong>opere</strong></span> 
     </span>
    </p>
   </div>
   <div class='ocr_carea' id='block_1_8' title="bbox 0 0 1674 5070">
    <p class='ocr_par' dir='ltr' id='par_1_19' title="bbox 0 0 1674 5070">
     <span class='ocr_line' id='line_1_44' title="bbox 0 0 1674 5070; baseline 0 0"><span class='ocrx_word' id='word_1_347' title='bbox 0 0 1674 5070; x_wconf 95' lang='lat' dir='ltr'><strong> </strong></span> 
     </span>
    </p>
   </div>
  </div>
 </body>
</html>
