3338 5072
307 389 372 455 368
596 407 857 482 eaonnoomsns
879 409 927 456 ns
949 407 1161 457 sauroumvs

307 547 559 633 diligentissima
590 549 719 616 demum
752 552 971 637 exemplorum
1004 551 1279 638 pervestigatione
1312 547 1455 612 subtilis·

306 654 453 740 simaque
480 677 668 722 caussarum
696 657 955 724 consideratione
984 680 1021 725 eo
1050 658 1258 743 perveniatur
1285 659 1337 740 ut,
1370 653 1455 739 quod

305 760 349 826 sit
372 762 551 846 probabile,
573 764 797 830 ratiocinando
817 765 1003 832 efficiamus.
1039 763 1148 850 Atque
1165 765 1199 830 in
1216 763 1279 830 hoo
1294 763 1367 848 ipso
1383 783 1455 828 cum

304 867 460 934 laudabili
488 870 622 935 consilio
645 869 888 956 Fleckeisenus,
911 871 1172 957 Kampmannus,
1198 869 1301 936 Iulius
1323 868 1454 934 Brixius

253 967 258 976 ¹
305 972 410 1060 (cuius
428 979 538 1042 tamen
552 977 645 1042 falsis
660 976 857 1063 aliquotiens
872 979 911 1044 de
926 978 1144 1044 Ambrosiano
1163 977 1364 1044 testimoniis
1378 977 1455 1042 nolo

307 1104 444 1167 sponsor
466 1084 594 1170 haberi)
618 1085 830 1168 elaborarint,
853 1089 924 1150 tum
948 1084 987 1149 de
1009 1083 1224 1150 Lindemannl
1248 1085 1369 1171 opella,
1392 1107 1455 1170 qua

305 1191 362 1255 ille
384 1195 461 1276 post
483 1192 687 1278 pinguiorem
711 1190 787 1260 Obr.
810 1191 926 1278 Wasii,
950 1195 1117 1280 aliquanto
1141 1197 1249 1259 autem
1272 1191 1451 1259 considera·

307 1298 424 1363 liorem
443 1296 477 1364 (l.
496 1299 531 1367 L
549 1298 736 1367 Schneideri
755 1300 901 1368 laborem
920 1301 960 1367 de
978 1301 1171 1386 explicanda
1188 1301 1342 1385 prosodia
1359 1300 1455 1366 Plan·

306 1405 378 1470 tina
400 1405 482 1473 bene
506 1429 628 1473 merere
652 1408 785 1493 studuit,
809 1409 1058 1494 haudquaquam
1081 1431 1214 1494 possum
1236 1412 1305 1472 tam
1327 1406 1456 1473 bonori-

304 1511 364 1576 fice
393 1513 514 1580 sentire
541 1537 638 1598 quam
668 1515 739 1580 fieri
767 1538 786 1580 a
814 1516 1008 1600 quibusdam
1040 1517 1138 1581 solet:
1170 1519 1239 1582 tam
1272 1515 1354 1580 miro
1386 1513 1455 1580 illie

305 1621 563 1704 temperamento
593 1622 627 1688 in
651 1622 788 1709 singulis
811 1624 941 1709 paginis
966 1627 999 1688 et
1021 1623 1106 1689 falsa
1127 1623 1214 1688 veris
1238 1623 1339 1688 mixta
1361 1622 1455 1688 video

305 1727 458 1813 nulloque
482 1728 595 1794 ordine
623 1728 842 1796 diversissima
870 1752 990 1817 genera
1011 1733 1133 1795 temere
1156 1730 1305 1814 confusa,
1335 1733 1368 1793 et
1391 1751 1457 1793 ma·

306 1834 391 1900 xime
419 1836 622 1903 incredibilia
650 1838 808 1904 credendo
837 1839 979 1905 modum‘
996 1861 1124 1905 omnem
1156 1837 1266 1904 excedi
1289 1837 1455 1923 intellego,

307 1941 396 2007 velut
413 1965 485 2009 cum
504 1949 608 2010 uuum
625 1944 819 2011 vocabulum
837 1968 896 2031 pro
915 1946 1104 2031 pyrrhichio
1124 1966 1194 2011 esse
1214 1944 1277 2010 sibi
1295 1943 1458 2029 persuasit

306 2069 438 2132 prorsus
462 2072 573 2116 eorum
597 2054 755 2138 exemplo,
779 2075 860 2137 quos
883 2074 987 2138 nuper
1008 2074 1075 2118 non
1099 2052 1238 2118 multum
1258 2051 1372 2116 abesse
1390 2049 1455 2114 dixi

308 2155 384 2238 quin
408 2179 482 2223 mox
506 2163 551 2223 cst
573 2161 606 2224 et
627 2159 885 2225 sollieitudimbus
907 2159 1138 2225 vocabulorum
1160 2179 1345 2224 mensuram
1364 2177 1455 2222 exae-

307 2266 445 2345 quantes
474 2263 618 2330 babituri
646 2267 754 2332 simus.
801 2266 876 2351 Ipse
905 2270 1013 2331 autem
1041 2268 1169 2331 tantum
1192 2265 1286 2330 abest
1308 2267 1345 2330 ut
1367 2285 1457 2349 prae·

308 2367 468 2435 iudicatae
505 2371 545 2435 de
577 2373 720 2455 perfecta
752 2372 892 2458 quadam
926 2373 1089 2458 elegantia
1121 2372 1274 2439 Plautina
1312 2371 1457 2456 opinioni

194 2497 296 2537 cxvm
311 2475 421 2541 videar
443 2478 579 2543 nimium
601 2478 770 2564 tribuisse,
798 2479 877 2544 illud
901 2483 937 2545 ut
960 2481 1069 2565 potius
1092 2501 1205 2546 verear
1227 2500 1267 2544 ne
1292 2480 1457 2565 asperiora

309 2583 467 2667 quasdam
490 2585 592 2651 nimia
614 2585 775 2670 patientia
802 2586 971 2672 reliquisse
995 2586 1097 2671 dicar,
1124 2607 1207 2671 quae
1229 2586 1343 2652 futura
1366 2591 1456 2652 aetas

307 2711 374 2756 non
398 2693 501 2778 magis
525 2715 622 2778 quam
645 2716 665 2758 a
688 2715 738 2759 me
760 2716 845 2760 nunc
869 2696 1004 2778 expulsa
1026 2696 1208 2760 toleratura
1231 2695 1281 2760 sit.
1327 2693 1365 2758 In
1388 2693 1457 2777 qui·

308 2797 370 2863 bus
394 2803 472 2864 sunt
494 2799 533 2864 de
558 2800 675 2886 quibus
698 2801 764 2865 iam
786 2823 871 2867 nunc
893 2801 1046 2885 incipiam
1065 2801 1145 2865 mibi
1163 2801 1233 2884 ipse
1252 2821 1456 2865 suscensere:

309 2905 398 2971 velut
431 2907 517 2990 quod
546 2929 612 2972 non
645 2907 787 2972 severius
820 2907 969 2973 consului
1001 2907 1040 2972 de
1071 2909 1216 2972 seneclrrli
1247 2930 1276 2974 v.
1299 2907 1364 2972 398
1397 2927 1456 2991 pro

307 3011 488 3098 scnectoe*),
512 3014 642 3100 cumei,
664 3013 749 3101 quod
769 3013 910 3098 aliquam
930 3015 1170 3080 exeusationem
1189 3015 1344 3100 admittit,
1366 3036 1456 3100 prae-

310 3123 375 3185 stet
399 3121 547 3205 quodne
571 3125 666 3208 egeat
688 3121 816 3206 quidem
840 3124 1060 3208 excusatione,
1087 3124 1247 3209 peritique
1275 3124 1389 3206 poetae
1414 3121 1457 3185 sit

310 3225 348 3291 de
372 3225 496 3292 duabus
519 3228 633 3293 formis
656 3229 804 3295 bonitate
826 3207 960 3313 paribus
980 3253 1052 3295 eam
1071 3229 1211 3316 deligere
1235 3251 1317 3316 quae
1341 3231 1456 3312 suapte

308 3338 426 3400 natura
453 3341 557 3402 metro
585 3337 628 3402 sit
657 3337 937 3404 accommodatior.
984 3337 1186 3423 Quamquam
1214 3339 1248 3402 in
1274 3336 1336 3401 bac
1364 3338 1457 3420 parte

310 3462 347 3507 so
376 3464 428 3507 me
456 3443 622 3528 aequiores
651 3445 773 3511 iudices
800 3448 1006 3531 experturum
1035 3443 1174 3530 confido,
1206 3467 1270 3530 quo
1305 3443 1457 3508 incertior

310 3547 457 3632 ipsorum
487 3550 602 3615 finium
633 3551 764 3617 illorum
792 3552 959 3638 discriptio
990 3555 1055 3637 est,
1086 3573 1167 3638 quos
1195 3552 1282 3618 ultra
1309 3551 1456 3635 citraque

310 3660 452 3740 nequeat
474 3657 651 3723 consistere
675 3663 807 3724 rectum.
893 3673 913 3716 δ

306 3839 314 3860 Ι
399 3761 445 3828 Et
467 3763 597 3829 initium
621 3765 750 3850 quidem
774 3766 879 3832 habeo
903 3788 960 3831 cur
984 3789 1003 3832 a
1025 3767 1208 3851 neglecta
1230 3765 1266 3830 vi
1290 3763 1457 3849 positio·

310 3869 370 3934 nis
404 3869 540 3956 capiam.
586 3870 657 3948 Qua
688 3873 722 3937 in
751 3893 785 3936 re
814 3872 976 3938 Plautinis
1007 3873 1128 3938 criticis
1161 3873 1319 3938 maximae
1349 3870 1457 3937 fraudi

310 3975 378 4042 sive
406 3975 550 4044 Terentii
579 3979 646 4046 sive
673 3977 857 4045 Bentleiani
883 3979 1027 4045 Terentii
1055 3980 1236 4066 exemplum
1264 3979 1336 4044 fuit.
1381 3977 1481 4064 Non,

310 4105 463 4168 quaeram
486 4108 573 4152 nunc
595 4091 705 4153 utrum
728 4087 910 4172 asperiores
934 4086 996 4151 sibi
1020 4109 1115 4172 quam
1140 4087 1278 4152 Plautus
1304 4109 1456 4154 numeros

310 4189 480 4258 Terentius
503 4194 685 4278 indulserit,
709 4217 750 4259 an
772 4194 869 4260 buius
889 4195 1082 4280 comoediae,
1105 4201 1143 4261 ut
1162 4195 1339 4261 studiosius
1358 4194 1456 4259 etiam

310 4319 407 4382 quam
439 4298 610 4367 Plautinae
646 4305 680 4365 et
716 4300 881 4366 lectitatae
915 4305 947 4364 et
980 4325 999 4366 a
1033 4301 1254 4386 grammaticis
1290 4303 1457 4383 tractatae,

398 4527 423 4593 ἢ
442 4527 497 4600 [of.
515 4531 609 4584 mor.
628 4529 658 4583 n
676 4519 719 4585 ed.
739 4528 801 4598 sle]
