3338 5072
561 461 826 512 uuuuoumoum
849 459 1056 509 euuvumom
1158 511 1165 524 ,
1315 443 1379 507 379

239 611 389 698 quinon
416 607 532 673 dubito
560 607 639 692 quin
667 607 702 672 in
730 604 902 671 iembioem
931 625 1080 670 eeeenem
1105 603 1214 688 aliquo
1238 625 1314 670 oeeu
1338 603 1379 668 ir-

237 715 376 803 repserit
399 738 438 781 ex
458 699 626 780 trdehaieu
649 713 695 798 Π,
719 715 749 796 2,
771 712 827 778 ubi
851 733 943 777 suom
967 712 1031 777 eibi
1055 712 1163 776 sedem
1186 714 1262 795 post
1284 732 1313 775 v.
1336 709 1380 774 65

238 822 390 889 vindicet.
417 819 494 887 Non
512 825 563 886 est
581 825 689 887 eutem
706 820 812 906 magis
832 820 960 905 mirum,
983 819 1138 884 vitiosum
1156 821 1250 897 tetro,
1273 839 1380 902 quem,

238 929 324 1018 quod
345 952 413 995 non
436 949 505 994 esse
529 928 682 993 vitiosum
701 927 851 1012 vidimus,
870 929 1053 1012 correptum
1071 927 1160 1005 iuter,
1184 947 1282 1010 saepe
1301 922 1380 988 solis

238 1039 289 1104 vel
312 1037 456 1103 librariis
480 1035 530 1100 vel
554 1034 731 1100 editoribus
751 1034 871 1119 deberi,
893 1055 959 1098 non
977 1038 1101 1118 poetae.
1131 1029 1381 1118 Amphitruonis

238 1144 296 1228 IV,
318 1145 349 1228 3,
374 1145 391 1208 l
417 1141 695 1228 simplicissimum
719 1140 862 1208 omnium
887 1141 985 1206 fuerit
1007 1141 1069 1206 ista
1091 1137 1279 1206 insemisee:

326 1285 395 1351 Vde
419 1285 485 1350 iste
506 1284 591 1350 inter
613 1286 672 1350 u6s
696 1285 831 1368 partite:
863 1306 925 1371 ego
949 1285 1044 1368 ibeo,
1067 1282 1149 1348 mihi
1172 1281 1381 1367 negotiumst

237 1428 330 1496 meu
353 1428 527 1514 quoquam
549 1427 719 1493 molestiae
742 1387 947 1492 coemite
970 1426 995 1512 1,
1021 1427 1049 1510 1,
1072 1425 1116 1492 53
1139 1427 1238 1508 eme,
1260 1427 1381 1490 umere

238 1539 385 1602 tentatus
409 1558 430 1601 e
452 1535 588 1601 Bothio:

326 1676 487 1762 Equidem
510 1676 617 1743 herde
641 1676 756 1742 eddam
775 1698 908 1761 operum
927 1676 1048 1742 sedulo.
1072 1675 1129 1742 sed
1147 1673 1223 1762 quid
1242 1679 1279 1741 tu
1298 1675 1383 1740 inte'r

1090 1782 1191 1848 isteee
1214 1783 1329 1880 uerba:

237 1914 297 1958 neo
320 1893 394 1977 plus
418 1892 607 1958 offensionis
631 1891 730 1957 hebet
753 1890 852 1957 Poen.
875 1891 899 1976 I,
923 1892 953 1975 2,
977 1891 1033 1956 53:

327 2033 469 2100 Turbaet
495 2056 580 2099 nune
608 2033 692 2118 opud
721 2035 826 2099 irem:
860 2055 902 2098 on
929 2031 990 2099 tibi
1018 2032 1067 2098 uis
1095 2029 1181 2098 inter
1203 2032 1284 2096 istas
1308 2053 1382 2096 uor-

383 2213 397 2242 ο
1089 2139 1204 2205 atrior:

241 2248 358 2335 quibus
396 2248 542 2314 versibus
580 2247 713 2312 fuerunt
749 2247 805 2332 qui
842 2246 923 2312 satie
959 2247 1068 2331 inepte
1104 2245 1145 2311 ud
1181 2245 1383 2331 probandam

238 2359 320 2422 inter
342 2378 526 2422 mensuram
548 2357 725 2439 uterentur,
747 2354 889 2438 ineptius
912 2353 1012 2418 etiem
1035 2352 1068 2417 in
1092 2351 1248 2418 auxilium
1267 2355 1383 2417 voeoto

240 2461 334 2549 Cept.
355 2461 469 2549 111,·5,
494 2463 549 2528 19:

327 2605 498 2671 internos
521 2602 777 2692 permutauistie
822 2603 941 2669 Fateor
965 2603 1084 2685 omnia,

240 2749 296 2814 ubi
313 2749 516 2832 mutastis
539 2769 579 2830 ne
603 2748 721 2833 egebat
743 2747 881 2832 quidem,
905 2768 1002 2832 quem
1025 2746 1133 2831 habet
1156 2744 1286 2812 Veteris
1310 2767 1383 2812 euo-

240 2855 385 2921 toritete.
431 2853 494 2921 Sed
508 2854 644 2940 ¹Epidioi
666 2853 710 2938 ΙΙ,
724 2855 754 2940 2,
769 2853 812 2920 55
836 2854 883 2918 sio
906 2853 1103 2932 scribendus,
1127 2875 1166 2918 ex
1188 2856 1281 2936 perte
1305 2851 1384 2916 duee

240 2962 474 3028 Ambrosieno:

328 3097 418 3170 Ddee
437 3106 486 3170 sio
507 3108 584 3190 post
602 3125 652 3168 me
670 3102 814 3168 fibuleri
836 3101 923 3168 inter
945 3124 994 3167 se:
1018 3122 1077 3184 ego
1100 3098 1247 3166 absoesoi
1263 3101 1384 3186 uolens,

240 3270 307 3313 non
329 3249 412 3313 inter
434 3267 504 3313 sese.
545 3243 659 3311 Militis
682 3243 724 3330 11,
739 3247 769 3330 2,
784 3245 826 3312 70
848 3245 1028 3310 deliruruut
1050 3245 1106 3330 qui
1129 3243 1167 3308 de
1189 3241 1384 3309 intercludite

243 3356 440 3441 cogitarunt.
477 3352 668 3418 Mercatoris
691 3351 751 3436 ΙΙΙ,
776 3355 804 3436 1,
827 3352 869 3417 38
894 3353 954 3416 etsi
977 3373 1035 3435 per
1059 3372 1092 3415 se
1117 3351 1187 3416 sine
1210 3349 1384 3416 offensione

241 3465 291 3526 est
315 3459 401 3546 quod
424 3459 542 3525 editur:

328 3602 373 3668 Et
392 3601 480 3666 inter
503 3621 562 3665 nos
587 3601 838 3687 ooniuriuimue‚
861 3621 922 3687 ego
946 3603 1020 3666 euim
1042 3599 1098 3667 illo
1123 3605 1156 3666 et
1175 3601 1230 3666 ille
1249 3602 1385 3684 meeum,

238 3751 363 3831 temen,
396 3742 423 3808 si
455 3743 715 3829 transponendos
744 3765 813 3808 esse
844 3765 957 3808 versus
985 3747 1071 3809 reete
1101 3742 1182 3809 vidit
1206 3742 1491 3826 Aoidolius‚oxxx1

239 3874 370 3919 neeesse
400 3855 451 3917 eet
480 3850 588 3916 exulet
614 3852 657 3916 eb
680 3849 775 3916 initio
798 3851 851 3916 Et.
896 3848 1050 3916 Pseuduli
1074 3849 1099 3936 Ι,
1122 3851 1153 3937 5,
1178 3850 1240 3916 129
1258 3872 1305 3935 sq.
1328 3850 1382 3934 qui

240 3960 429 4046 vulgentur:

330 4099 364 4167 Si
389 4103 500 4167 eumue
524 4101 684 4186 compecti
707 4105 764 4166 seu
788 4102 959 4168 consilium
983 4123 1137 4187 umquem
1160 4097 1294 4164 iniimus

327 4206 376 4272 De
404 4207 487 4272 istae
514 4229 548 4272 re
576 4211 633 4272 eut
661 4207 689 4270 si
717 4206 756 4272 de
784 4229 822 4272 ee
845 4230 879 4272 re
902 4230 1055 4293 umquem
1078 4207 1247 4271 internos
1271 4226 1385 4270 conue-

1091 4334 1215 4378 mmus:

241 4477 352 4521 eorum
376 4457 513 4522 alterum
537 4456 747 4522 menifestum
771 4460 821 4522 est
843 4479 860 4522 e
884 4457 981 4522 meris
1005 4455 1301 4539 interpretamentis
1324 4455 1383 4520 mi·

241 4561 374 4627 semime
398 4567 567 4629 consutum
591 4585 674 4629 esse:
697 4585 773 4628 nem
797 4567 830 4628 et
848 4563 975 4629 numeri
993 4561 1200 4646 refragantur
1220 4566 1253 4628 et
1271 4561 1385 4649 lingue
