3332 5074
289 363 355 428 392
582 375 841 426 rnonneonnus
866 377 912 422 na
934 373 1143 424 narrournvs

270 521 363 588 dem
390 521 600 587 festinantius
628 517 861 585 consulendum
889 521 952 603 est,
978 539 1062 603 quae
1089 539 1163 582 cnm
1190 516 1434 582 condicionibus

290 650 389 714 supra
411 627 580 714 explicatis
603 625 817 708 satisfaciant,
840 647 945 710 pauca
967 624 1110 690 habeant
1132 624 1183 689 vel
1207 623 1337 709 singula
1360 627 1432 688 tan-

289 739 359 800 tum
382 734 537 818 exempla.
582 731 746 818 Frequens
770 735 821 795 est
841 731 942 812 fores
963 730 1238 815 monosyllabum:
1262 729 1345 795 unde
1368 752 1435 796 non

289 845 417 907 tantum
438 832 526 923 foras
548 840 672 905 formae
694 837 783 903 Trin.
806 861 835 902 v.
854 838 919 903 276
938 841 1062 902 certum
1085 836 1284 923 praesidinm
1304 839 1434 921 praesto

290 951 349 1031 cst,
377 949 567 1034 praesertim
591 969 663 1012 cum
687 948 816 1030 praeter
842 945 909 1009 alia
936 945 1082 1030 exempla
1109 945 1143 1009 in
1167 941 1278 1009 Sticho
1307 964 1434 1028 quoque

289 1054 346 1138 IV,
370 1056 400 1138 2,
426 1055 464 1120 17
490 1055 550 1119 sit:

450 1159 535 1236 Quid
558 1158 668 1225 fords?
691 1158 792 1224 Foras
815 1157 924 1222 hercle
947 1179 1053 1222 uero.
1083 1209 1089 1222 .
1118 1209 1125 1222 .
1153 1207 1177 1241 .,

290 1268 381 1332 etin
404 1265 549 1333 Poenulo
574 1265 613 1351 V,
636 1265 667 1349 5,
689 1267 724 1329 4:

450 1367 525 1474 lpse
550 1388 632 1456 abiit
654 1388 751 1471 foras,
774 1391 826 1454 me
849 1389 1006 1474 reliquit.
1035 1441 1042 1454 .
1071 1441 1077 1454 .
1106 1413 1129 1454 .:

291 1513 347 1578 sed
369 1513 433 1578 nisi
462 1513 607 1579 fallimur
630 1513 729 1579 etiam
749 1503 855 1595 stram
876 1513 1048 1579 vocabulo:
1076 1513 1162 1598 quod
1184 1514 1247 1578 etsi
1269 1535 1328 1578 nec
1356 1513 1435 1578 alibi

291 1621 419 1703 repperi
445 1641 505 1685 nec
531 1621 566 1685 in
593 1620 728 1686 senariis
757 1621 1013 1706 septenariisque
1040 1620 1136 1686 facile
1165 1621 1378 1685 concesserim
1402 1620 1436 1684 in

182 1765 184 1769 ,
291 1749 389 1792 unam
418 1727 580 1811 syllabam
608 1729 810 1792 contractum
838 1722 930 1813 (nam
957 1726 1073 1792 Pseud.
1096 1725 1153 1810 IV,
1179 1728 1207 1810 7,
1232 1727 1295 1791 132
1318 1726 1436 1792 tollen·

292 1831 367 1897 dum
390 1831 515 1920 hac*)),
542 1837 653 1898 tamen
682 1855 701 1897 a
728 1832 936 1898 liberioribus
964 1833 1084 1900 cantici
1111 1833 1253 1899 numeris
1276 1854 1342 1898 non
1366 1854 1437 1898 esse

292 1938 435 2005 alienum
466 1941 579 2025 putavi
606 1961 635 2005 v.
663 1939 793 2023 261.**)
845 1937 1090 2004 Dubitationem
1118 1962 1184 2004 non
1213 1940 1313 2006 habet
1339 1941 1437 2006 &cem

291 2036 426 2112 minus:
453 2069 513 2113 nec
539 2051 649 2112 tamen
672 2046 712 2111 ad
735 2046 847 2130 ruinas,
870 2045 956 2130 quod
980 2049 1030 2110 est
1053 2068 1072 2110 a
1095 2047 1258 2130 minando,
1283 2025 1463 2132 umquam'

292 2175 331 2218 ea
353 2155 533 2220 contractio
551 2153 701 2219 traducta
720 2157 779 2237 est,
800 2173 859 2218 nec
879 2151 919 2217 ad
938 2154 1195 2238 comparativum
1213 2155 1327 2220 cliuus.
1364 2151 1437 2218 Cer·

292 2259 337 2324 tis
361 2259 563 2326 documentis
587 2262 718 2325 constat
746 2257 784 2323 de
806 2251 935 2324 simul:
971 2259 1062 2324 cuius
1095 2259 1339 2325 similitudinem
1371 2282 1437 2325 non

292 2367 426 2432 memini
448 2388 533 2431 nune
556 2367 663 2431 semel
686 2388 814 2452 quoque
843 2365 946 2450 sequi,
975 2387 1171 2450 quamquam
1194 2366 1228 2431 id
1252 2368 1279 2432 si
1302 2367 1338 2432 in
1361 2389 1438 2431 ana-

292 2473 444 2558 paesticis
471 2472 686 2538 octonariisve
714 2472 867 2536 offeratur
898 2472 1048 2558 neglecta
1079 2473 1111 2538 vi
1143 2474 1317 2559 positionis
1347 2497 1439 2540 usur·

292 2584 405 2664 patum
413 2631 422 2664 ‚
454 2601 520 2644 non
553 2579 614 2643 sim
646 2579 853 2644 dubitaturus
885 2579 1033 2644 adhibita
1069 2581 1179 2664 potius
1211 2581 1438 2665 monosyllaba

291 2686 555 2771 pronuntiatione
587 2684 764 2750 defendere.
814 2683 964 2751 Ceterum
997 2686 1083 2771 quod
1115 2687 1291 2752 identidem
1323 2687 1436 2752 monui

293 2795 385 2857 caute
409 2796 442 2857 et
465 2792 694 2874 circumspecte
718 2791 816 2855 etiam
839 2791 943 2856 ineis
967 2790 1160 2856 versandum
1184 2812 1268 2876 esse,
1299 2793 1337 2858 de
1361 2813 1437 2877 quo·

294 2921 365 2962 runi
392 2898 519 2963 ratione
546 2897 699 2962 universa
727 2897 806 2961 satis
835 2900 976 2980 constet,
1007 2897 1039 2962 id
1067 2898 1169 2982 ipsius
1197 2901 1310 2964 sirnrcl
1337 2899 1436 2984 parti·

295 3007 384 3071 culae
413 3005 558 3090 exemplo
586 3003 796 3089 comprobare
823 3003 908 3067 licet.
953 3001 1039 3068 Nam
1068 3001 1259 3070 Mercatoris
1286 3005 1334 3090 ΙΙ,
1357 3007 1394 3090 4,
1419 3009 1436 3072 7

295 3133 368 3178 cum
391 3112 490 3195 vulgo
514 3112 560 3176 sic
581 3111 721 3196 legatur:

189 3249 283 3290 cnm
386 3217 474 3282 'llius
498 3219 620 3284 amicus
644 3221 677 3284 e't
700 3216 831 3300 sodalis,
852 3207 951 3284 simul
974 3220 1099 3284 uicinus
1122 3223 1312 3305 proxumus,

295 3326 511 3390 inveteratum
547 3325 663 3390 vitium
696 3323 931 3391 Ambrosianus
968 3327 1078 3411 prodit
1108 3333 1139 3392 et
1172 3331 1342 3411 praestans
1379 3351 1438 3413 pro

293 3432 396 3498 simut.
432 3430 502 3497 Nec
525 3431 598 3514 plus
622 3431 862 3514 probabilitatis
886 3431 1006 3498 habere
1029 3429 1133 3498 Stichi
1155 3432 1198 3517 ΙΙ,
1221 3435 1251 3518 2,
1275 3435 1317 3499 23
1341 3435 1438 3500 trala-

224 3583 229 3595 .
294 3537 407 3604 tioium
430 3529 581 3618 simulque
598 3537 803 3602 beatudinem
826 3535 887 3618 [sic
905 3538 939 3602 in
959 3537 1113 3620 editione]
1133 3539 1321 3604 crediderim
1341 3562 1437 3624 quam

295 3644 379 3710 hanc
401 3664 511 3708 versus
536 3643 674 3709 formam
697 3644 794 3730 longe
817 3645 1061 3730 elegantiorem:
1378 3721 1384 3734 ⁵

384 3749 563 3815 Munditias
591 3750 666 3816 uolo
693 3747 776 3816 fieri.
803 3752 922 3818 ecferte
949 3751 1012 3818 huo
1040 3755 1169 3838 scopas:
1199 3752 1296 3818 simul
1319 3753 1438 3818 hartin-

1095 3859 1214 3942 dinem,

297 3964 555 4032 commendatam
571 3987 590 4030 a
603 3987 655 4030 me
669 3964 774 4030 Musei
789 3965 902 4048 philol.
915 3964 962 4030 IV
977 3989 1007 4051 p.
1022 3967 1088 4032 575
1111 3968 1168 4048 [=
1183 3965 1299 4050 Opuso.
1314 3966 1391 4051 phil.
1407 3965 1439 4030 ΙΙ

297 4095 326 4156 p.
341 4073 430 4154 3251.
466 4071 541 4138 Non
561 4071 666 4158 magis
686 4075 759 4136 tuto
778 4071 890 4137 licebit
907 4072 1058 4139 Pseuduli
1082 4093 1178 4139 versu
1202 4073 1250 4138 uti
1269 4072 1311 4157 ΙΙ,
1332 4075 1358 4156 1,
1385 4073 1439 4138 14:

386 4301 412 4370 *)
435 4302 478 4372 [ln
496 4300 621 4356 editione
639 4297 809 4356 Ritschelins
826 4298 1002 4367 transposuit
1018 4298 1114 4369 potins
1131 4300 1204 4368 tac]

368 4390 411 4458 **)
430 4391 473 4458 [In
491 4390 535 4445 cd.
550 4389 599 4444 ult
618 4387 654 4444 ed
672 4387 748 4442 huno
766 4401 878 4441 versum
897 4402 927 4442 se
945 4404 1002 4444 non
1021 4384 1097 4444 satis'
1108 4387 1184 4443 recte
1203 4386 1256 4440 hoc
1270 4402 1359 4458 genn·
1372 4387 1439 4443 defl-

297 4475 380 4531 niisse
398 4475 504 4531 latetur
521 4473 700 4543 Ritscheliua
718 4475 811 4541 forum
828 4491 879 4543 pro
898 4473 1059 4544 pyrrhichio
1077 4490 1137 4530 erse
1155 4473 1343 4546 intellegens]
