3332 5074
514 426 777 476 ιιιιιιιιιιιιιοιιιε
801 427 1013 476 Ριιιιιιιιιιιι.
1272 411 1335 476 467

194 592 315 637 omnus.
346 569 469 637 Contra
490 571 625 637 nimiam
648 572 902 660 vehementiam,
925 574 1029 658 qualis
1052 569 1259 656 anapaestico
1274 545 1338 639 'uu-

194 699 284 745 mero
312 679 419 761 aptior
442 683 541 763 esset,
573 679 644 744 visa
667 683 743 742 suut
765 679 828 744 duo
853 680 1061 764 anapaestica
1082 679 1202 746 habere
1225 681 1339 746 iambi·

194 805 267 849 cum
290 785 531 868 praecedentia:
554 785 639 869 quod
664 786 934 870 quemadmodum
957 787 991 852 in
1014 786 1150 854 senariis
1173 808 1341 870 perrarum

194 897 244 956 est
267 890 319 976 (ut
341 890 409 956 Mil.
434 891 459 968 I,
486 895 513 976 1,
536 891 604 976 31),
627 893 675 956 ita
699 894 797 958 semel
823 893 999 958 admissum
1024 896 1075 956 cst
1097 894 1132 958 in
1155 895 1339 976 septenario

194 997 281 1063 Tria.
310 999 375 1062 918
403 997 526 1079 quando
554 999 668 1081 epmndt
693 1001 823 1064 maniat
847 997 973 1085 mihist)
1025 997 1085 1066 oui
1113 1023 1178 1066 non
1208 1021 1339 1082 prorsus

193 1128 253 1189 par
281 1109 331 1170 est
359 1128 387 1169 v.
411 1106 474 1170 847
504 1105 559 1170 det
580 1105 699 1170 bomini
726 1108 839 1172 mabero'
863 1108 944 1192 mpla
972 1107 1065 1190 [meli
1092 1097 1243 1189 ΤιτιιιἽε1
1263 1129 1338 1171 nam

193 1212 385 1297 ubicumque
413 1214 653 1295 anapaesticam
682 1213 791 1277 brevis
820 1233 882 1278 vox
911 1213 1140 1298 monosyllaba
1166 1212 1340 1298 praeeedit,

193 1319 287 1382 facile
317 1319 455 1384 sentitur
481 1323 648 1406 tamquam
672 1321 706 1386 in
728 1342 825 1385 unam
855 1321 1079 1403 paeonicam
1103 1322 1216 1386 ambas
1245 1343 1338 1386 voces
1359 1343 1497 1384 ccxxxiv

192 1426 371 1490 coalescere
394 1425 649 1510 pronuntiando:
676 1426 840 1510 paeonicis
869 1432 977 1492 autem
1007 1425 1136 1512 (utpote
1163 1428 1339 1512 dactylica·

192 1555 263 1598 rum
283 1533 444 1600 rationem
463 1532 693 1618 aequantibus)
713 1533 741 1596 si
760 1534 926 1618 legitimus
945 1534 1008 1599 fuit
1031 1534 1064 1598 in
1083 1535 1188 1618 prima
1212 1535 1339 1619 syllaba

193 1643 358 1722 accentus,
384 1641 454 1704 fieri
477 1662 543 1705 uon
567 1641 675 1724 potuit
697 1640 775 1724 quin
799 1663 872 1706 eum
897 1641 1013 1706 ultima
1036 1663 1164 1725 quoque
1188 1641 1221 1706 iu
1244 1663 1339 1706 versu

192 1747 358 1831 reciperet.
404 1747 474 1824 Qua
502 1747 750 1813 ratiocinatione
779 1745 953 1812 identidem
980 1753 1109 1812 utemur
1137 1747 1234 1833 infra,
1266 1769 1340 1812 cum

192 1981 285 2025 versa
307 1961 437 2024 illorum
465 1961 521 2024 aaa
545 1959 665 2024 homini
687 1961 796 2024 misero
819 1961 900 2024 mole
928 1961 1012 2025 ratio
1037 1962 1080 2025 sit
1103 1965 1199 2044 atque
1222 1959 1338 2026 horum

193 2069 227 2133 iu
250 2067 367 2132 Bacch.
394 2068 442 2132 15.
467 2065 542 2131 446.
565 2067 627 2131 521
654 2067 720 2148 [46.
744 2067 818 2132 478.
842 2067 938 2150 553]:
971 2071 1144 2133 recenserat
1166 2067 1267 2148 saciat
1293 2067 1339 2130 la·

191 2177 277 2259 beas,
308 2173 468 2239 malliere'm
495 2173 595 2238 tenea
621 2176 741 2255 scibas,
772 2174 949 2239 bmcacleas
976 2177 1158 2260 ciuitati,
1190 2195 1272 2259 quae
1301 2195 1339 2238 eo

192 2283 298 2347 minus
322 2281 509 2347 offensionis
533 2279 663 2364 habeut,
687 2277 773 2363 quod
796 2301 833 2344 eo
858 2281 892 2345 iu
912 2281 993 2366 laec,
1015 2286 1053 2346 ut
1074 2283 1110 2346 in
1134 2281 1269 2347 senariis
1294 2280 1339 2344 di-

191 2391 306 2471 ximus,
329 2387 485 2473 paeonioa
507 2409 547 2450 ne
570 2390 639 2450 tum
664 2386 794 2472 quidem
818 2388 923 2452 vitata
946 2393 1031 2472 sunt,
1055 2411 1126 2453 cum
1156 2389 1197 2452 ab
1227 2391 1338 2471 oxyto-

191 2497 243 2560 nis
266 2515 331 2560 non
355 2493 567 2577 excipiuntur,
591 2498 628 2558 ut
650 2492 801 2575 capituto
823 2495 1049 2580 quassandae,
1073 2495 1268 2562 abactam
1291 2515 1338 2558 nac

191 2623 228 2667 aa
250 2597 414 2684 Obry'salo,
442 2601 582 2683 dipitalis
604 2599 796 2682 mammas
823 2599 940 2667 Bacch.
964 2603 1038 2666 273.
1062 2603 1136 2668 330.
1160 2603 1224 2666 638
1250 2601 1339 2682 [305.

191 2709 265 2773 362.
289 2708 378 2789 675}
399 2743 439 2753 -
466 2705 529 2772 Sed
553 2706 802 2790 spondiacam
826 2729 937 2773 vocem
960 2731 1000 2772 ne
1024 2713 1098 2773 ante
1122 2707 1203 2772 duas
1226 2713 1338 2792 oxyto·

190 2837 249 2880 uas
273 2814 403 2899 quidem
427 2814 665 2878 trochaieorum
685 2814 847 2900 elegantia
865 2815 1027 2898 probavit,
1050 2836 1108 2878 nec
1127 2816 1214 2880 illius
1234 2837 1338 2878 exem·

190 2921 247 3004 pla
274 2921 335 2986 hae
364 2920 459 3004 duae,
488 2919 521 2984 in
551 2920 669 3004 quibus
697 2943 783 2986 nunc
811 2921 987 2988 subsistere
1021 2923 1175 3005 solemus,
1207 2921 1338 2986 fabulae

190 3028 361 3093 Plautinae
384 3027 542 3110 praebent
565 3032 694 3110 praeter
719 3027 782 3092 duo
807 3031 969 3111 corrupta.
1005 3027 1090 3092 Nam
1110 3029 1203 3092 illum
1222 3050 1251 3092 v.
1273 3029 1337 3092 329

191 3135 313 3200 exitum
340 3134 428 3199 cimae
454 3135 557 3200 aulem
583 3135 714 3200 meamet
740 3141 841 3218 tuam,
869 3135 903 3199 in
931 3157 1025 3218 quem
1055 3135 1120 3200 iam
1149 3133 1200 3198 bis
1224 3135 1339 3199 incidit

191 3243 311 3327 oratio,
339 3263 425 3305 nuuc
452 3243 549 3306 tertia
574 3246 766 3327 argumento
791 3242 990 3328 intellegitur
1013 3243 1230 3306 reiectaneum
1254 3263 1337 3306 eise:

190 3348 269 3413 haec
288 3353 397 3414 autem
415 3371 444 3412 v.
459 3349 523 3414 883
543 3343 630 3413 mum
642 3350 785 3430 primam
802 3349 938 3414 menrord
956 3349 1034 3414 mati
1052 3347 1213 3432 triplicem
1231 3353 1337 3414 trans·
1385 3374 1386 3377 ¹

191 3455 386 3538 positionem
414 3455 584 3520 admittere
612 3457 781 3521 annotatio
809 3461 923 3521 nostra
949 3457 1052 3522 docet.
1103 3454 1207 3520 Multo
1236 3455 1339 3539 igitur

193 3562 298 3626 minus
328 3584 387 3646 pro
416 3563 557 3646 spondeo
589 3585 660 3628 esse
690 3563 783 3628 illam
809 3586 838 3627 v.
861 3561 1000 3650 stiffi)
1024 3566 1146 3646 potest,
1177 3560 1232 3628 ubi
1261 3583 1338 3646 oxy-

191 3673 272 3734 tona
299 3691 367 3734 uon
396 3672 586 3753 sequuntur:
614 3671 642 3734 e‘l
668 3691 720 3753 epo
747 3670 837 3734 illdm
864 3689 984 3735 nossem
1006 3668 1153 3752 dpprobe:
1183 3668 1233 3734 vel
1257 3667 1337 3734 adeo

189 3770 245 3840 salo
269 3774 367 3858 pacti
391 3776 466 3838 dare
493 3775 656 3856 epistelam
679 3799 709 3840 ι.
733 3777 807 3840 898.
853 3775 901 3840 De
926 3775 1107 3840 iambicis
1131 3779 1239 3840 autem
1264 3797 1336 3840 eum

281 4005 306 4069 *)
327 4002 369 4056 nd
384 4003 628 4073 anapaesticorum
647 4003 861 4060 similitudinem
879 4004 1005 4076 proxime
1024 4003 1158 4058 accedens
1177 4000 1335 4071 exemplum

190 4091 338 4147 Trium:
357 4093 429 4160 qudd
446 4109 534 4146 meam
552 4095 604 4147 erit
620 4095 652 4148 id
665 4097 716 4148 m't
730 4099 808 4148 tuum
826 4093 1042 4162 uansposilione
1061 4089 1238 4159 removimus,
1257 4088 1335 4144 cuius

189 4199 249 4251 cap.
270 4181 333 4236 XVI
352 4181 424 4236 ratio
443 4179 576 4235 reddetur
594 4183 633 4250 [p.
654 4181 729 4252 490}

262 4267 304 4337 **)
323 4267 421 4338 ltaque
445 4266 498 4321 etsi
521 4267 592 4321 nibil
610 4267 729 4338 impedit
747 4269 895 4338 quominus
913 4267 989 4324 Tria.
1008 4285 1033 4321 v.
1053 4273 1105 4322 877
1125 4266 1250 4322 dicamus
1268 4284 1333 4323 ana-

190 4357 316 4428 paestiao
335 4355 513 4424 iambicoqae
532 4356 669 4411 vocabulo
687 4357 768 4426 finiri,
787 4360 882 4413 tamen
900 4356 1003 4411 rectius
1022 4355 1108 4411 etiam
1127 4355 1202 4409 exire
1221 4355 1249 4410 in
1268 4373 1333 4425 pae-

189 4446 300 4502 onicum
321 4463 383 4500 cnm
402 4444 524 4500 iambico
543 4443 680 4499 dicemus:
699 4447 818 4501 homines
836 4447 886 4502 aas·
903 4447 1025 4501 habitent
1041 4449 1129 4515 pater.

243 4533 301 4602 m)
321 4534 374 4603 [ef.
394 4535 488 4588 annot.
509 4533 552 4588 ed.
571 4533 633 4602 alt]

1067 4625 1121 4678 30·
