3306 5070
297 406 363 471 684
675 421 908 470 asverurscnn
932 411 1061 504 annau.

298 587 428 630 necesse
451 569 501 630 eet
524 565 652 629 liberali
675 565 782 631 indole
805 565 876 649 ipse
899 564 1006 629 fuerit.
1052 562 1199 648 Eamque
1222 563 1338 630 indolis
1362 563 1443 627 libe·

295 672 474 756 ralitatem,
504 670 532 734 si
556 693 667 736 verum
692 671 842 737 volumus
865 670 975 755 fateri,
1002 691 1061 754 per
1085 670 1272 737 diuturnum
1296 669 1356 735 Illa
1379 669 1441 734 im·

295 779 421 862 perium
444 781 495 842 tot
519 782 649 862 tamque
672 777 845 844 luculentia
864 777 1059 842 testimoniis
1078 777 1302 861 comprobavit
1321 778 1355 841 in
1374 798 1442 842 om-

295 907 352 950 nes
376 890 484 969 partes
509 884 726 950 institutionis
751 883 897 968 publicae
920 884 1123 967 patentibus,
1152 888 1189 949 ut
1211 883 1287 948 hinc
1311 883 1441 968 potissi-

296 1011 383 1054 mum
407 991 521 1076 laudis,
545 991 685 1074 virtutis,
708 990 875 1056 solicitatis
897 995 967 1055 tam
990 990 1044 1056 din
1067 991 1102 1054 in
1115 989 1305 1055 Borussiam
1325 989 1442 1056 redun-

299 1096 406 1161 dantis
434 1119 498 1162 non
523 1097 718 1163 mediocrem
741 1101 868 1182 partem
892 1097 1062 1162 universae
1086 1118 1149 1163 vox
1172 1095 1323 1180 Europae
1351 1119 1441 1184 repe-

296 1203 395 1268 tierit
441 1205 504 1281 Qui
539 1205 566 1268 si
597 1225 654 1268 nee
683 1203 784 1268 insita
811 1206 947 1268 naturae
975 1201 1143 1286 voluptate
1175 1200 1367 1267 trahebatur
1399 1203 1442 1268 ad

295 1310 475 1374 litterarum
496 1311 611 1394 studia,
636 1330 823 1376 neccarum
842 1309 987 1374 rationes
1006 1307 1199 1394 singillatim
1219 1311 1441 1392 perscrutatus

296 1437 355 1480 suo
384 1417 502 1482 iudicio
532 1417 612 1482 satis
641 1416 801 1482 confidere
830 1417 864 1480 in
892 1416 959 1481 illis
984 1414 1188 1481 moderandis
1212 1414 1440 1481 administran-

295 1521 408 1605 disque
438 1524 560 1606 potuit:
598 1524 743 1607 prolecto
776 1523 818 1588 ob
848 1523 881 1587 id
911 1523 1018 1606 ipsum
1049 1521 1154 1588 multo
1185 1521 1285 1588 etiam
1316 1524 1439 1589 maiore

296 1629 502 1695 veneratione
525 1630 644 1716 dignus
667 1629 809 1694 exstitit:
833 1666 875 1676 -
900 1629 1040 1712 primum
1075 1628 1204 1713 quidem
1236 1629 1336 1713 quod,
1362 1631 1440 1715 quia

297 1735 467 1821 salutares,
491 1737 568 1821 quia
591 1736 745 1802 honestae
768 1757 838 1800 ease
863 1736 964 1800 bonas
983 1738 1070 1800 artes
1089 1735 1303 1820 intellexerat,
1325 1735 1373 1800 ita
1392 1737 1440 1801 eia

294 1842 526 1926 prospiciebat,
559 1843 651 1928 quasi
683 1843 717 1907 in
749 1842 875 1908 deliciis
910 1841 1046 1906 haberet
1079 1846 1112 1907 et
1146 1841 1180 1906 in
1214 1841 1331 1907 intimo
1366 1843 1439 1907 sinu

294 1949 430 2013 foveret:
460 1986 504 1996 -
536 1949 651 2014 deinde
681 1948 779 2033 quod,
811 1947 929 2034 quibus
960 1946 1102 2033 negotiis
1132 1949 1217 2012 recte
1247 1949 1440 2013 accurandis

297 2059 400 2120 semet
421 2055 528 2139 ipsum
548 2055 705 2139 imparem
725 2055 870 2138 sentiret,
893 2073 1003 2118 eorum
1024 2053 1231 2118 administros
1250 2052 1440 2140 intellegen-

294 2160 441 2226 tisaimos
468 2162 670 2228 adsciscebat
697 2161 906 2226 conciliorum
938 2183 1069 2226 suorum
1098 2160 1203 2225 socios
1227 2161 1440 2244 gravissimos

295 2272 327 2333 et
355 2269 528 2333 acerrimos
557 2267 709 2333 vindices.
754 2265 838 2332 Nam
868 2268 895 2331 si
925 2289 1052 2332 summa
1081 2267 1151 2331 laus
1181 2270 1244 2351 est,
1275 2289 1317 2334 ne
1345 2289 1439 2354 egere

295 2374 424 2458 quidem
449 2373 555 2439 aliena
579 2394 654 2458 ope,
683 2373 794 2458 paucis
817 2372 875 2437 illa
898 2373 1093 2438 mortalibus
1116 2395 1281 2439 concessa:
1316 2379 1351 2438 at
1373 2397 1439 2440 non

294 2481 410 2546 ultima
433 2481 512 2546 baec
536 2484 595 2563 est,
618 2480 718 2546 immo
737 2479 884 2564 proximo
904 2480 945 2544 ab
964 2479 1024 2544 illa
1043 2479 1217 2546 intervallo
1236 2480 1370 2566 distans,
1393 2486 1439 2566 ut,

298 2587 415 2671 quibus
439 2587 541 2672 copiis
565 2587 635 2671 ipse
658 2606 768 2671 egeae,
796 2608 851 2651 eas
880 2586 949 2670 pari
980 2585 1293 2670 circumspicientiae
1316 2588 1438 2673 sagaci-

296 2697 363 2758 tate
386 2694 508 2760 habeas
531 2694 585 2777 qui
609 2693 671 2758 tibi
695 2677 825 2759 aliunde
849 2693 966 2777 pariae.
994 2693 1039 2759 Et
1057 2693 1091 2758 in
1110 2714 1148 2757 eo
1167 2693 1296 2777 quidem
1321 2714 1438 2779 genere

293 2823 390 2885 quam
419 2801 537 2866 eximio
565 2821 714 2866 successu
743 2799 958 2866 Faronnlcvs
982 2799 1186 2865 vanuuvs
1207 2800 1439 2886 elaboraverit,

293 2908 453 2992 cumipse
476 2907 536 2972 flos
560 2911 594 2971 et
617 2907 716 2972 robur
735 2907 943 2972 beatissimae
961 2907 1051 2991 pacis
1071 2909 1263 2991 argumento
1287 2909 1346 2987 eet,
1368 2911 1437 2972 tum

293 3011 555 3096 splendidissima
583 3014 716 3078 nomina
742 3034 854 3077 eorum
882 3015 1059 3095 testantur,
1091 3011 1282 3096 quibuscum
1305 3010 1367 3077 llle
1389 3035 1438 3076 re·

293 3117 415 3203 gendae
446 3119 493 3185 rei
525 3119 673 3204 publicae
707 3118 817 3182 munia
846 3117 1105 3183 communicavit.
1152 3117 1290 3182 Possum
1320 3119 1354 3183 in
1377 3119 1438 3185 boc

293 3229 484 3308 argumento
508 3224 686 3308 exspatiari
710 3224 855 3308 longius:
883 3245 1007 3307 verum,
1035 3222 1219 3308 quandoid
1244 3224 1328 3308 qnod
1354 3247 1437 3289 sum-

294 3354 383 3396 mum
406 3335 469 3417 est,
493 3335 530 3396 ut
553 3331 686 3416 pietatis
715 3331 844 3396 affectui
874 3334 1050 3416 grataeque
1073 3329 1305 3394 recordationis
1329 3330 1438 3396 officio

293 3439 439 3522 quamvis
463 3437 554 3503 tenui
578 3437 755 3502 voluntatis
779 3425 1005 3501 testificatione
1029 3435 1215 3518 satisfieret,
1237 3435 1303 3500 iam
1330 3440 1439 3521 potest

295 3543 405 3627 aliquo
430 3543 525 3609 modo
549 3545 698 3608 effectum
722 3542 837 3625 videri,
859 3542 935 3609 nolo
959 3546 1066 3607 vestra
1088 3543 1249 3627 patientia
1272 3543 1363 3608 abuti
1386 3565 1437 3607 ex-

293 3648 589 3732 spectationemque
614 3653 755 3714 vestram
778 3649 899 3714 diutius
923 3649 1053 3715 morari.

383 3753 471 3839 Ergo
502 3758 538 3818 ut
565 3759 729 3820 transeam
759 3755 800 3819 ad
827 3754 1013 3839 propositas
1042 3755 1207 3840 superiore
1232 3779 1318 3822 anno
1342 3779 1437 3842 quae·

294 3861 430 3944 stiones,
464 3860 528 3925 iam
552 3882 615 3924 non
642 3881 715 3924 mea
738 3861 917 3926 elocutione
945 3864 1033 3945 utar,
1065 3862 1122 3926 sed
1145 3862 1240 3928 fidem
1265 3864 1436 3928 verborum
1532 3897 1537 3904 -

293 3970 335 4035 ab
358 3969 438 4053 ipsis
462 3968 628 4035 ordinibus
651 3967 774 4034 chartis
798 3967 1062 4052 consignatorum
1086 3971 1230 4036 servabo.
1259 4005 1301 4016 -
1326 4005 1367 4016 —
1393 4007 1436 4018 —-
