3318 5072
548 446 814 495 nunuoerrours
840 445 1044 492 enevrmrn.
1307 427 1372 491 523

228 593 388 658 inutiliter
415 614 475 656 nec
504 589 676 656 iniucunde
704 589 825 674 poterit
852 609 910 672 per
938 588 1067 673 singule
1096 587 1246 672 persequi
1276 589 1373 672 etque

229 699 422 784 expendere,
445 721 505 764 nos
528 702 638 764 temen
662 719 701 762 ee
725 719 824 782 opera
848 695 984 761 anobis
1008 717 1093 761 nunc
1117 698 1243 761 semote
1271 695 1373 760 setius

228 807 376 872 duximus
400 828 577 891 paucorum
601 826 752 870 versuum
781 803 1010 869 notabiliorem
1035 803 1229 886 scripturam
1252 802 1286 866 in
1309 802 1373 866 edi·

227 913 316 978 tione
343 916 505 998 receptam
533 911 675 977 breuiter
703 910 882 976 defendere.
927 909 972 975 n:
999 931 1126 974 versum
1155 908 1285 994 quidem
1309 911 1374 974 242

230 1019 441 1086 Ambrosieni
464 1019 585 1085 anxilio
609 1019 721 1084 videor
744 1017 923 1084 certissime
946 1017 993 1082 sic
1016 1017 1213 1082 restituisse:
1258 1101 1260 1104 Ι

317 1159 402 1227 Nam
426 1162 482 1247 qui
505 1167 607 1248 amat,
635 1161 720 1247 quod
744 1165 845 1239 amet,
873 1139 1156 1245 quom⁸extemplo
1182 1159 1249 1224 eius
1273 1158 1373 1224 seuiie

504 1261 514 1280 ⁸
955 1267 1121 1351 perculsus
1146 1271 1205 1332 est.

228 1382 361 1476 Etenim
385 1433 424 1476 ex
444 1433 496 1494 eo,
520 1411 604 1495 quod
628 1410 850 1496 pereleganter
873 1409 991 1475 dicitur
1013 1413 1140 1474 ametor
1162 1411 1233 1476 suut
1254 1411 1374 1492 sagittis

222 1519 392 1600 perculsus,
410 1540 475 1584 non
496 1518 703 1601 consequitur
720 1516 865 1601 profecto
885 1539 952 1581 non
971 1517 1116 1601 potuisse
1136 1517 1242 1582 minus
1262 1520 1374 1582 ornate

228 1626 328 1690 suciis
345 1624 521 1708 parebam
545 1623 616 1690 dici.
654 1622 768 1709 Itaque
787 1645 860 1688 cum
881 1645 952 1688 eum
972 1627 1122 1688 ornatum
1138 1623 1373 1689 Ambrosianus

228 1755 294 1797 non
324 1733 495 1816 agnoscet,
526 1729 579 1795 his
607 1733 743 1815 apparet
770 1728 981 1795 declerendee
1009 1730 1163 1816 imaginis
1190 1753 1305 1796 causae
1332 1730 1374 1795 ab

229 1839 405 1923 interprete
436 1838 611 1922 ascriptum
643 1859 712 1902 esse
742 1839 875 1921 sagittis:
914 1837 1000 1922 quod
1031 1859 1103 1902 curn
1133 1859 1193 1921 pro
1222 1835 1374 1902 Plautino

229 1945 438 2028 acciperetur,
461 1947 498 2008 ut
521 1967 593 2008 cunr
616 1945 717 2009 suetis
740 1944 946 2009 coniunctum
966 1942 1111 2008 construi
1129 1946 1250 2027 posset,
1273 1947 1374 2008 muta·

229 2054 299 2115 tum
327 2054 378 2116 eet
406 2051 441 2114 in
468 2052 630 2134 cupidatis.
675 2051 847 2136 Reliquam
876 2053 984 2116 eutem
1012 2071 1123 2114 versus
1147 2049 1374 2115 conformatio·

228 2180 313 2240 nem,
336 2179 417 2241 quee
441 2156 544 2222 eidem
564 2158 781 2224 Ambrosieno
801 2157 945 2235 debetur,
968 2157 1147 2221 luculenter
1165 2159 1274 2221 tuetur
1291 2154 1374 2220 Mer·

231 2264 352 2330 catoris
376 2284 488 2329 versus
511 2262 568 2348 IV,
590 2266 621 2349 4,
644 2266 679 2329 4:

320 2387 406 2453 Nem
422 2386 480 2474 qui
490 2393 587 2474 emat,
607 2390 692 2475 quod
712 2392 801 2454 amet
821 2385 852 2453 si
867 2389 976 2473 hebet,
997 2387 1027 2452 id
1049 2387 1150 2452 hebet
1163 2389 1220 2472 pro
1236 2388 1317 2454 cibo.
1333 2427 1371 2435 -

229 2529 306 2596 Non
333 2529 491 2596 mediocre
523 2535 631 2597 eutem
661 2532 830 2618 negotium
858 2555 887 2596 v.
910 2532 973 2596 261
986 2553 1031 2616 sq.
1056 2530 1222 2612 exhibent,
1251 2531 1296 2596 sic
1325 2529 1375 2596 edi

230 2637 333 2702 soliti:
363 2638 446 2721 fugit
470 2639 590 2719 forum,
618 2639 709 2722 fugat
736 2645 802 2704 tuos
830 2643 982 2722 cogitetur,
1012 2639 1104 2720 [aqut
1130 2639 1195 2720 epse
1221 2658 1252 2702 sc
1278 2659 1299 2701 o
1320 2659 1375 2703 suo

229 2746 374 2810 aarum.
412 2744 500 2820 Quae
524 2743 672 2830 intellegi
695 2767 790 2831 posse
814 2766 946 2828 prorsus
970 2764 1062 2829 nego.
1099 2743 1185 2808 Nem
1209 2743 1279 2826 etei,
1302 2766 1375 2808 curn

208 2835 335 2934 'fugae
355 2852 460 2932 fortun
483 2873 573 2916 curor
596 2850 726 2936 dicitur,
749 2873 838 2916 umor
861 2851 1017 2935 accipitur
1040 2872 1115 2914 sane
1140 2872 1199 2933 pro
1222 2853 1376 2932 amatore,

231 2959 403 3042 eademque
433 2959 539 3042 figure
566 2959 653 3024 idem
680 2981 772 3024 emor
800 2958 863 3023 dici
886 2960 1017 3042 poterat
1044 2960 1076 3021 et
1100 2957 1213 3040 separe
1234 2961 1376 3039 capreolos

232 3071 265 3130 et
290 3087 313 3130 u
339 3085 394 3130 aro
421 3071 513 3130 secut
539 3071 664 3131 acutula
688 3068 812 3150 fugare:
840 3070 950 3132 temen
977 3069 1148 3148 postquem
1172 3063 1376 3146 adaequatos

231 3170 342 3236 eddito
371 3176 438 3236 tuus
460 3171 652 3254 pronomine
675 3172 710 3236 in
740 3173 802 3238 hoc
830 3172 937 3257 ipsum
966 3171 1122 3236 amatoris
1151 3170 1242 3236 notio
1272 3175 1376 3236 treus·

230 3279 314 3343 ieret
341 3299 496 3362 suamque
524 3279 690 3362 propriam
718 3279 884 3344 notionem
913 3301 1002 3344 occur
1025 3283 1203 3364 receperat,
1229 3300 1294 3343 non
1321 3300 1376 3362 po·

104 3439 112 3453 .
231 3383 295 3448 tuit
317 3384 351 3448 in
376 3384 472 3448 tertio
496 3386 641 3451 membro
665 3385 750 3450 idem
772 3407 861 3450 amor
879 3407 996 3452 nomen
1017 3386 1057 3450 ed
1077 3385 1233 3450 emetoris
1253 3385 1375 3470 signiti-
1391 3414 1489 3455 cccxv

232 3489 392 3555 oetionem
422 3489 526 3554 denuo
556 3490 676 3556 reflecti
705 3496 738 3557 et
766 3493 899 3557 elterius
921 3514 1078 3577 personae
1101 3491 1286 3576 pronomini
1310 3491 1376 3556 ianr

232 3595 347 3661 tertiae
370 3619 548 3681 pronomen
572 3597 727 3663 substitui
750 3598 820 3662 sine
844 3622 971 3690 summa
993 3599 1203 3684 intellegendi
1227 3599 1376 3664 molestie

231 3708 328 3787 atque
352 3702 430 3768 edeo
454 3703 619 3788 cogitandi
641 3705 863 3790 perversitate.
900 3704 1022 3770 Verum
1046 3711 1112 3772 tum
1134 3729 1201 3771 non
1225 3709 1275 3772 est
1299 3727 1375 3770 sene

232 3809 265 3874 in
294 3808 401 3893 libris,
430 3810 486 3874 sed
513 3832 532 3874 e
556 3808 742 3878 (temerario
771 3811 899 3876 demum
928 3812 1076 3878 effectum
1104 3815 1155 3876 est
1183 3835 1199 3876 e
1227 3812 1297 3891 uos:
1325 3812 1376 3876 cui

232 3917 287 3980 ubi
321 3917 343 3996 s
370 3915 479 4001 potius
513 3939 609 4002 quam
643 3922 656 3983 t
686 3918 926 4002 praeposueris,
963 3919 1065 3984 videri
1104 3921 1215 4002 potest
1252 3917 1291 3980 ed
1326 3921 1377 3980 set

233 4043 384 4109 magnoin
407 4023 634 4107 pronominum
657 4025 904 4111 congruentiam
928 4026 1032 4092 oratio
1057 4025 1194 4090 adducta
1217 4044 1296 4086 esse.
1332 4021 1377 4086 Et

232 4132 340 4194 temen
368 4153 408 4193 ne
436 4130 498 4195 hoe
527 4131 657 4216 quidem
685 4133 924 4198 concedendum
952 4137 1011 4198 est.
1062 4131 1147 4196 Nam
1181 4151 1272 4194 amor
1303 4152 1375 4194 cum

161 4247 165 4254 '
232 4233 350 4299 dicitur
373 4257 392 4298 e
415 4259 474 4300 suo
498 4259 532 4300 se
556 4241 691 4302 contutu
714 4239 840 4324 fugare,
867 4239 964 4302 unius
988 4237 1118 4302 Amoris
1142 4257 1299 4321 personae
1324 4257 1375 4299 co-

232 4341 391 4427 gitatione
418 4343 526 4428 imago
555 4345 660 4409 omnis
688 4345 884 4411 continetur:
912 4367 1006 4429 queo,
1022 4343 1079 4410 ubi
1106 4343 1147 4408 ad
1176 4342 1256 4408 elias
1285 4366 1375 4429 pree-

232 4451 323 4513 terea
344 4469 499 4532 personas
522 4451 701 4535 porrigitur
723 4455 759 4516 ut
782 4453 891 4536 eliqua
908 4450 1144 4518 necessitudine
1164 4471 1236 4515 cum
1256 4449 1375 4517 Amore

234 4554 432 4637 coniunctas,
455 4554 568 4639 putida
590 4556 629 4621 fit
652 4559 685 4620 et
706 4557 817 4641 inepta
840 4559 1050 4642 comparatio.
1087 4556 1192 4634 Quare
1211 4579 1282 4624 cum
1305 4581 1377 4626 suos
