3302 5076
621 435 857 484 cararurscun
881 437 1008 484 annau.
1320 421 1383 484 651

244 602 317 645 rum
336 581 455 645 alterae
475 584 623 645 naturam
644 577 741 664 quam
760 577 891 662 proprio
911 579 1041 643 nomine
1060 599 1222 664 vocamus,
1245 583 1385 643 atenim

245 685 420 751 humanam
454 687 516 752 sibi
549 684 810 770 investigandam
843 683 964 749 alterae
993 687 1138 750 sumunt:
1175 684 1229 749 hic
1259 706 1386 768 quoque

245 795 378 879 propria
407 815 479 859 esse
509 792 684 858 ambitioso
715 791 764 856 illi
794 791 1002 874 comparandi
1033 791 1141 856 studio
1172 790 1263 856 sedes
1294 791 1387 854 solet.

246 897 336 963 Nihil
361 899 447 964 enim
470 899 671 984 frequentius
693 921 755 962 usu
777 897 880 980 venit,
904 920 1000 983 quam
1025 901 1061 962 ut
1085 900 1134 963 vel
1157 898 1300 982 physicis
1329 919 1386 962 nu·

246 1027 304 1090 gas
333 1009 472 1072 tractare
501 1005 773 1090 infructuosisque
803 1004 1058 1090 quaestiunculis
1086 1007 1120 1069 et
1147 1006 1194 1082 ab,
1217 1005 1302 1070 vitae
1330 1004 1387 1069 hu·

247 1134 362 1178 manae
382 1113 493 1178 usibus
513 1112 626 1176 alienis
646 1111 798 1176 delectari
819 1111 988 1197 philologi,
1001 1111 1159 1194 historici,
1178 1111 1387 1176 iureconsulti

246 1219 430 1303 videantur,
461 1220 512 1284 vel
540 1241 618 1301 prae
647 1217 792 1302 physicis
820 1217 854 1283 hi
883 1223 986 1284 semet
1012 1217 1214 1283 fastidiosius
1244 1217 1388 1301 efferant,

247 1327 366 1411 quippe
389 1329 484 1393 tanto
504 1350 578 1391 suas
598 1325 785 1410 disciplinas
804 1325 906 1409 pluris
925 1326 1093 1407 facientes,
1116 1328 1236 1408 quanto
1261 1323 1387 1408 corpori

247 1454 338 1497 mens
368 1437 401 1497 ct
428 1433 556 1498 animus
584 1435 737 1516 praestet.
782 1432 900 1508 Qualia
923 1431 1042 1498 iudicia
1066 1431 1146 1497 mihi
1169 1431 1297 1516 quidem
1320 1435 1388 1495 tam
1456 1433 1457 1436 ’

247 1538 389 1622 insipida
417 1539 565 1604 videntur
591 1542 749 1624 tantaque
777 1559 847 1603 esse
879 1542 1045 1622 tamquam
1078 1538 1180 1622 pestis
1213 1537 1389 1620 doctrinae,

246 1650 283 1710 ut
312 1668 351 1710 ex
379 1647 478 1711 animi
507 1648 667 1711 sententia
694 1645 970 1730 perhorrescenda
997 1649 1030 1710 et
1057 1645 1188 1710 homine
1210 1644 1389 1710 liberaliter

246 1751 383 1818 educato
413 1775 544 1838 prorsus
571 1753 708 1836 indigna
735 1773 897 1835 censeam,
929 1755 1027 1836 atque
1055 1751 1134 1816 adeo
1157 1752 1301 1816 omnium
1324 1750 1388 1835 pri·

248 1881 350 1942 mum,
374 1859 568 1944 simulatque
592 1859 631 1924 de
655 1859 785 1924 homine
809 1859 969 1941 litterato,
992 1879 1086 1942 quem
1110 1857 1252 1923 nondum
1275 1858 1389 1940 norim,

249 1965 370 2030 mentio
394 1965 515 2029 iniecta
538 1966 596 2048 sit,
624 1964 784 2030 sciscitari
806 1963 885 2029 illud
910 1955 1046 2048 soleam,
1069 1985 1151 2048 quae
1174 1985 1272 2048 penes
1296 1963 1389 2029 illum

249 2072 293 2136 sit
316 2075 503 2154 ceterarum,
527 2072 560 2135 in
585 2071 701 2156 quibus
720 2072 790 2156 ipse
809 2093 873 2136 non
895 2070 1029 2153 habitet,
1052 2071 1172 2135 artium
1191 2071 1388 2135 litterarum-

248 2201 309 2264 que
337 2179 549 2244 existimatio:
582 2201 646 2264 qua
674 2177 803 2262 quidem
831 2198 865 2240 re
894 2177 1073 2242 certissime
1102 2177 1248 2243 videmur
1280 2199 1389 2242 veram

249 2285 428 2350 doctrinam
451 2285 699 2370 politioremque
722 2283 960 2350 humanitatem
985 2307 1122 2350 censere.
1155 2285 1229 2351 Non
1249 2283 1390 2369 impedio

249 2391 316 2456 ullo
341 2391 451 2473 modo,
474 2393 506 2456 id
530 2391 615 2476 quod
639 2392 703 2456 iam
728 2391 966 2476 significabam,
989 2391 1161 2475 quominus
1185 2413 1244 2455 sua
1266 2390 1390 2455 unicui·

250 2515 325 2582 que·
339 2520 391 2562 ars
421 2519 496 2563 cara
519 2499 562 2562 sit
584 2500 713 2582 praeter
736 2501 872 2562 ceteras:
906 2503 939 2562 et
962 2503 1012 2562 est
1034 2499 1129 2564 uobis
1152 2497 1298 2582 profecto
1322 2501 1390 2562 tam

250 2625 325 2668 cara
351 2603 544 2689 philologia,
577 2608 614 2668 ut
640 2605 724 2669 nihil
753 2627 865 2688 supra3
899 2603 954 2669 sed
982 2608 1016 2668 et
1042 2607 1152 2688 potest
1180 2610 1212 2669 et
1234 2603 1330 2669 debet
1353 2625 1391 2667 ea

195 2693 197 2698 ⁸
249 2710 367 2774 caritas
391 2731 463 2774 cum
488 2732 525 2774 ea
548 2709 746 2774 liberalitate
770 2731 840 2774 esse
864 2711 1049 2794 coniuncta,
1073 2732 1155 2794 quae
1179 2711 1311 2776 meritos
1334 2710 1390 2773 ho-

248 2837 345 2880 nores
379 2815 493 2880 alienis
526 2815 643 2880 studiis
675 2817 799 2882 tribuat
827 2816 1036 2899 omniumque
1066 2816 1197 2880 demum
1227 2817 1390 2881 consocia·

250 2923 339 2988 tione
362 2922 459 3008 (quae
481 2923 514 2988 in
540 2945 636 2987 unum
662 2923 833 2987 mortalem
856 2944 921 2986 non
944 2923 1038 3004 cadit,
1062 2923 1117 2986 sed
1137 2926 1244 2986 mente
1264 2925 1391 2986 tantum

250 3034 284 3095 et
307 3030 504 3116 cogitatione
527 3026 824 3114 comprehenditur)
848 3029 880 3092 id
904 3028 989 3092 effici
1011 3028 1195 3113 intellegat,
1218 3029 1303 3111 quod
1326 3051 1390 3095 non
1428 3014 1431 3020 ¹

248 3137 351 3202 nimio
379 3136 551 3202 intervallo
580 3136 622 3200 ab
649 3136 720 3220 ipsa
748 3136 879 3200 notione
910 3135 1062 3200 scientiae
1091 3139 1123 3198 et
1151 3134 1392 3220 intellegentiae

251 3245 358 3310 distet.
393 3243 482 3328 Ergo
506 3243 704 3307 detestamur
726 3245 759 3305 et
781 3241 1008 3306 abominamur
1032 3239 1222 3304 ambitiosas
1246 3241 1320 3306 illes
1345 3243 1391 3306 in·

251 3352 458 3435 solentesquc
481 3349 713 3430 contentiones,
737 3347 854 3432 quibus
878 3346 916 3410 de
938 3347 1120 3431 principatu
1145 3345 1284 3431 quodam
1304 3349 1393 3414 velut

251 3457 459 3543 philosophia
490 3460 523 3521 et
552 3454 742 3538 disciplinae
772 3454 946 3518 historicae
979 3456 1144 3518 certarunt
1176 3453 1393 3537 iniquissime:

252 3586 386 3649 quarum
418 3562 547 3649 quidem
578 3565 690 3626 rnutua
718 3560 801 3624 ratio
829 3581 894 3623 non
923 3565 974 3624 est
1007 3560 1084 3642 alia,
1116 3559 1179 3624 nisi
1213 3560 1297 3644 quod
1332 3561 1392 3626 viis

252 3668 399 3752 diversis,
425 3670 480 3734 sed
504 3670 544 3734 iis
567 3689 668 3753 aeque
691 3667 897 3749 necessariis,
919 3667 959 3730 ad
984 3667 1118 3730 eundem
1142 3667 1240 3730 finem
1263 3673 1392 3734 conten·

251 3774 346 3856 dunt,
369 3775 424 3858 qui
449 3778 499 3839 est
521 3775 705 3840 inveniendi
729 3774 809 3838 veri:
840 3773 1004 3857 ceteroqui
1027 3795 1067 3838 ue
1091 3795 1111 3836 a
1133 3795 1240 3838 rerum
1264 3775 1393 3858 quidem

252 3882 452 3964 argumentis
476 3881 610 3946 diversis
635 3880 897 3964 proficiscuntur,
922 3879 977 3944 sed
1000 3879 1097 3944 iniis
1121 3879 1242 3963 pariter
1264 3903 1393 3946 versan-

253 3990 316 4068 tur,
340 4000 422 4070 quae
446 3990 578 4053 omnino
604 3988 782 4073 cognitioni
805 3987 965 4052 humanae
989 3986 1134 4050 subiecta
1157 3989 1294 4052 exstant
1325 3987 1394 4054 Neo

253 4091 417 4176 theologia
440 4095 543 4159 sicubi
567 4095 782 4179 principatum
808 4094 965 4179 quendam
989 4093 1129 4170 affectat,
1152 4093 1257 4177 magis
1277 4094 1392 4160 tolera·
1407 4110 1441 4149 lx

253 4197 310 4262 bili
333 4199 421 4264 fastu
441 4200 523 4284 agit:
548 4199 627 4264 deus
646 4202 740 4284 enim,
764 4206 800 4266 ut
818 4203 930 4285 paucis
950 4200 1154 4285 complectar,
1177 4200 1211 4265 in
1230 4201 1393 4284 omnibus;

253 4307 287 4368 et
313 4304 496 4389 quaerimus
525 4304 619 4369 deum
648 4327 773 4370 omnes:
807 4307 846 4372 ad
875 4308 1074 4393 eundemque
1102 4306 1307 4391 perveniunt,
1339 4308 1394 4392 qui

254 4410 331 4477 dum
355 4412 386 4476 id
411 4415 526 4497 agunt,
549 4415 587 4476 ut
609 4433 715 4477 rerum
739 4415 931 4479 varietatem
956 4415 1023 4480 sive
1046 4414 1203 4481 historiae
1227 4413 1298 4478 luce
1321 4413 1395 4478 illu-

254 4522 392 4584 stratam
420 4519 488 4584 sive
517 4518 634 4584 mentis
663 4518 730 4583 acie
754 4519 957 4585 enucleatam
981 4521 1088 4586 animo
1113 4520 1395 4607 comprehendant,
