<?xml version="1.0" encoding="UTF-8"?>
<!DOCTYPE html PUBLIC "-//W3C//DTD XHTML 1.0 Transitional//EN"
    "http://www.w3.org/TR/xhtml1/DTD/xhtml1-transitional.dtd">
<html xmlns="http://www.w3.org/1999/xhtml" xml:lang="en" lang="en">
 <head>
  <title>
</title>
<meta http-equiv="Content-Type" content="text/html;charset=utf-8" />
  <meta name='ocr-system' content='tesseract 3.04.00' />
  <meta name='ocr-capabilities' content='ocr_page ocr_carea ocr_par ocr_line ocrx_word'/>
</head>
<body>
  <div class='ocr_page' id='page_1' title='image "./fridericiritsch07wachgoog_0247.png"; bbox 0 0 3322 5068; ppageno 0'>
   <div class='ocr_carea' id='block_1_1' title="bbox 292 373 1130 438">
    <p class='ocr_par' dir='ltr' id='par_1_1' title="bbox 292 373 1130 438">
     <span class='ocr_line' id='line_1_1' title="bbox 292 373 1130 438; baseline -0.005 0"><span class='ocrx_word' id='word_1_1' title='bbox 292 373 357 438; x_wconf 86' lang='grc'><strong>230</strong></span> <span class='ocrx_word' id='word_1_2' title='bbox 598 388 805 436; x_wconf 78' lang='lat' dir='ltr'><strong>nrsrvusrro</strong></span> <span class='ocrx_word' id='word_1_3' title='bbox 830 389 876 434; x_wconf 86' lang='lat' dir='ltr'><strong>oa</strong></span> <span class='ocrx_word' id='word_1_4' title='bbox 901 385 1130 434; x_wconf 72' lang='lat' dir='ltr'><strong>nascereris</strong></span> 
     </span>
    </p>
   </div>
   <div class='ocr_carea' id='block_1_2' title="bbox 252 529 1490 2736">
    <p class='ocr_par' dir='ltr' id='par_1_2' title="bbox 292 529 1435 616">
     <span class='ocr_line' id='line_1_2' title="bbox 292 529 1435 616; baseline 0 -20"><span class='ocrx_word' id='word_1_5' title='bbox 292 555 357 598; x_wconf 90' lang='lat' dir='ltr'><strong>uon</strong></span> <span class='ocrx_word' id='word_1_6' title='bbox 381 533 450 598; x_wconf 89' lang='lat' dir='ltr'><strong>siue</strong></span> <span class='ocrx_word' id='word_1_7' title='bbox 474 533 583 616; x_wconf 91' lang='lat' dir='ltr'><strong>aliquo</strong></span> <span class='ocrx_word' id='word_1_8' title='bbox 606 553 754 596; x_wconf 75' lang='lat' dir='ltr'><strong>serocessu</strong></span> <span class='ocrx_word' id='word_1_9' title='bbox 778 533 811 594; x_wconf 90' lang='lat' dir='ltr'><strong>et</strong></span> <span class='ocrx_word' id='word_1_10' title='bbox 833 531 880 594; x_wconf 86' lang='lat' dir='ltr'><strong>ite</strong></span> <span class='ocrx_word' id='word_1_11' title='bbox 904 529 1107 595; x_wconf 90' lang='lat' dir='ltr'><strong>emendatam</strong></span> <span class='ocrx_word' id='word_1_12' title='bbox 1130 551 1201 594; x_wconf 90' lang='lat' dir='ltr'><strong>esse</strong></span> <span class='ocrx_word' id='word_1_13' title='bbox 1225 530 1375 608; x_wconf 72' lang='lat' dir='ltr'>arbitror,</span> <span class='ocrx_word' id='word_1_14' title='bbox 1398 535 1435 596; x_wconf 91' lang='lat' dir='ltr'><strong>ut</strong></span> 
     </span>
    </p>

    <p class='ocr_par' dir='ltr' id='par_1_3' title="bbox 252 637 1490 1473">
     <span class='ocr_line' id='line_1_3' title="bbox 252 637 1435 722; baseline -0.001 -19"><span class='ocrx_word' id='word_1_15' title='bbox 252 666 278 704; x_wconf 79' lang='lat' dir='ltr'><strong>sa</strong></span> <span class='ocrx_word' id='word_1_16' title='bbox 293 640 421 704; x_wconf 89' lang='lat' dir='ltr'><strong>etiamsi</strong></span> <span class='ocrx_word' id='word_1_17' title='bbox 445 639 483 704; x_wconf 90' lang='lat' dir='ltr'><strong>de</strong></span> <span class='ocrx_word' id='word_1_18' title='bbox 505 639 597 704; x_wconf 90' lang='lat' dir='ltr'><strong>nulla</strong></span> <span class='ocrx_word' id='word_1_19' title='bbox 620 638 829 722; x_wconf 76' lang='lat' dir='ltr'><strong>responsione</strong></span> <span class='ocrx_word' id='word_1_20' title='bbox 853 637 1006 722; x_wconf 76' lang='lat' dir='ltr'>cogitem,</span> <span class='ocrx_word' id='word_1_21' title='bbox 1037 641 1147 702; x_wconf 89' lang='lat' dir='ltr'><strong>tamen</strong></span> <span class='ocrx_word' id='word_1_22' title='bbox 1170 658 1236 702; x_wconf 90' lang='lat' dir='ltr'><strong>non</strong></span> <span class='ocrx_word' id='word_1_23' title='bbox 1263 637 1375 703; x_wconf 84' lang='lat' dir='ltr'><strong>videar</strong></span> <span class='ocrx_word' id='word_1_24' title='bbox 1402 637 1435 702; x_wconf 93' lang='lat' dir='ltr'><strong>iu</strong></span> 
     </span>
     <span class='ocr_line' id='line_1_4' title="bbox 293 743 1437 829; baseline 0 -19"><span class='ocrx_word' id='word_1_25' title='bbox 293 746 445 810; x_wconf 90' lang='lat' dir='ltr'><strong>tollendis</strong></span> <span class='ocrx_word' id='word_1_26' title='bbox 468 746 626 812; x_wconf 89' lang='lat' dir='ltr'><strong>librorum</strong></span> <span class='ocrx_word' id='word_1_27' title='bbox 650 745 739 810; x_wconf 84' lang='lat' dir='ltr'><strong>vitiis</strong></span> <span class='ocrx_word' id='word_1_28' title='bbox 762 745 858 810; x_wconf 90' lang='lat' dir='ltr'><strong>aliter</strong></span> <span class='ocrx_word' id='word_1_29' title='bbox 880 744 1004 810; x_wconf 84' lang='lat' dir='ltr'><strong>versari</strong></span> <span class='ocrx_word' id='word_1_30' title='bbox 1028 767 1132 829; x_wconf 89' lang='lat' dir='ltr'><strong>possa.</strong></span> <span class='ocrx_word' id='word_1_31' title='bbox 1173 743 1272 810; x_wconf 86' lang='lat' dir='ltr'><strong>Mitto</strong></span> <span class='ocrx_word' id='word_1_32' title='bbox 1295 767 1380 810; x_wconf 91' lang='lat' dir='ltr'><strong>nuuc</strong></span> <span class='ocrx_word' id='word_1_33' title='bbox 1397 767 1437 810; x_wconf 88' lang='lat' dir='ltr'><strong>ea</strong></span> 
     </span>
     <span class='ocr_line' id='line_1_5' title="bbox 294 851 1490 940; baseline -0.001 -22"><span class='ocrx_word' id='word_1_34' title='bbox 294 853 529 936; x_wconf 88' lang='lat' dir='ltr'><strong>commendare,</strong></span> <span class='ocrx_word' id='word_1_35' title='bbox 552 873 727 940; x_wconf 83' lang='lat' dir='ltr'><strong>quaecum</strong></span> <span class='ocrx_word' id='word_1_36' title='bbox 748 873 814 916; x_wconf 92' lang='lat' dir='ltr'><strong>nou</strong></span> <span class='ocrx_word' id='word_1_37' title='bbox 839 851 909 916; x_wconf 86' lang='lat' dir='ltr'><strong>leve</strong></span> <span class='ocrx_word' id='word_1_38' title='bbox 931 853 1133 917; x_wconf 89' lang='lat' dir='ltr'><strong>momentum</strong></span> <span class='ocrx_word' id='word_1_39' title='bbox 1151 852 1304 936; x_wconf 88' lang='lat' dir='ltr'><strong>habeant,</strong></span> <span class='ocrx_word' id='word_1_40' title='bbox 1326 855 1435 918; x_wconf 86' lang='lat' dir='ltr'><strong>tamen</strong></span> <span class='ocrx_word' id='word_1_41' title='bbox 1488 931 1490 934; x_wconf 16' lang='grc' dir='ltr'>Ι</span> 
     </span>
     <span class='ocr_line' id='line_1_6' title="bbox 294 958 1436 1045; baseline -0.001 -19"><span class='ocrx_word' id='word_1_42' title='bbox 294 983 353 1026; x_wconf 88' lang='lat' dir='ltr'><strong>sua</strong></span> <span class='ocrx_word' id='word_1_43' title='bbox 382 964 499 1045; x_wconf 89' lang='lat' dir='ltr'><strong>sponte</strong></span> <span class='ocrx_word' id='word_1_44' title='bbox 526 960 560 1024; x_wconf 92' lang='lat' dir='ltr'><strong>in</strong></span> <span class='ocrx_word' id='word_1_45' title='bbox 588 959 698 1025; x_wconf 86' lang='lat' dir='ltr'><strong>oeulos</strong></span> <span class='ocrx_word' id='word_1_46' title='bbox 725 958 906 1024; x_wconf 91' lang='lat' dir='ltr'><strong>incurrunt:</strong></span> <span class='ocrx_word' id='word_1_47' title='bbox 938 961 1156 1042; x_wconf 68' lang='lat' dir='ltr'><strong>systematum</strong></span> <span class='ocrx_word' id='word_1_48' title='bbox 1183 960 1436 1026; x_wconf 73' lang='lat' dir='ltr'><strong>concinnitatem</strong></span> 
     </span>
     <span class='ocr_line' id='line_1_7' title="bbox 293 1065 1437 1150; baseline 0.001 -19"><span class='ocrx_word' id='word_1_49' title='bbox 293 1067 343 1132; x_wconf 85' lang='lat' dir='ltr'><strong>vel</strong></span> <span class='ocrx_word' id='word_1_50' title='bbox 367 1067 458 1133; x_wconf 91' lang='lat' dir='ltr'><strong>hiatu</strong></span> <span class='ocrx_word' id='word_1_51' title='bbox 482 1067 534 1132; x_wconf 84' lang='lat' dir='ltr'><strong>vel</strong></span> <span class='ocrx_word' id='word_1_52' title='bbox 558 1066 686 1150; x_wconf 85' lang='lat' dir='ltr'><strong>syllaba</strong></span> <span class='ocrx_word' id='word_1_53' title='bbox 708 1065 849 1149; x_wconf 72' lang='lat' dir='ltr'><strong>ancipite</strong></span> <span class='ocrx_word' id='word_1_54' title='bbox 872 1065 924 1131; x_wconf 83' lang='lat' dir='ltr'><strong>vel</strong></span> <span class='ocrx_word' id='word_1_55' title='bbox 947 1066 1057 1150; x_wconf 89' lang='lat' dir='ltr'><strong>aliqua</strong></span> <span class='ocrx_word' id='word_1_56' title='bbox 1080 1067 1225 1132; x_wconf 78' lang='lat' dir='ltr'><strong>clausula</strong></span> <span class='ocrx_word' id='word_1_57' title='bbox 1247 1067 1437 1132; x_wconf 89' lang='lat' dir='ltr'><strong>terminato·</strong></span> 
     </span>
     <span class='ocr_line' id='line_1_8' title="bbox 294 1172 1437 1258; baseline 0 -20"><span class='ocrx_word' id='word_1_58' title='bbox 294 1195 375 1257; x_wconf 91' lang='lat' dir='ltr'><strong>rum,</strong></span> <span class='ocrx_word' id='word_1_59' title='bbox 397 1175 694 1258; x_wconf 81' lang='lat' dir='ltr'><strong>sententiarumque</strong></span> <span class='ocrx_word' id='word_1_60' title='bbox 712 1173 859 1238; x_wconf 87' lang='lat' dir='ltr'><strong>membra</strong></span> <span class='ocrx_word' id='word_1_61' title='bbox 878 1172 945 1238; x_wconf 92' lang='lat' dir='ltr'><strong>suis</strong></span> <span class='ocrx_word' id='word_1_62' title='bbox 968 1172 1087 1238; x_wconf 87' lang='lat' dir='ltr'><strong>finibus</strong></span> <span class='ocrx_word' id='word_1_63' title='bbox 1106 1177 1334 1240; x_wconf 88' lang='lat' dir='ltr'><strong>coartaturum.</strong></span> <span class='ocrx_word' id='word_1_64' title='bbox 1375 1173 1437 1240; x_wconf 82' lang='lat' dir='ltr'><strong>Sed</strong></span> 
     </span>
     <span class='ocr_line' id='line_1_9' title="bbox 294 1279 1437 1366; baseline 0.003 -22"><span class='ocrx_word' id='word_1_65' title='bbox 294 1301 377 1365; x_wconf 91' lang='lat' dir='ltr'><strong>quae</strong></span> <span class='ocrx_word' id='word_1_66' title='bbox 400 1279 549 1364; x_wconf 88' lang='lat' dir='ltr'><strong>inprimis</strong></span> <span class='ocrx_word' id='word_1_67' title='bbox 573 1280 705 1346; x_wconf 88' lang='lat' dir='ltr'><strong>criticos</strong></span> <span class='ocrx_word' id='word_1_68' title='bbox 728 1282 885 1345; x_wconf 84' lang='lat' dir='ltr'><strong>vexarunt</strong></span> <span class='ocrx_word' id='word_1_69' title='bbox 909 1300 1019 1344; x_wconf 87' lang='lat' dir='ltr'><strong>versus</strong></span> <span class='ocrx_word' id='word_1_70' title='bbox 1042 1280 1086 1345; x_wconf 86' lang='grc'><strong>84</strong></span> <span class='ocrx_word' id='word_1_71' title='bbox 1109 1280 1217 1366; x_wconf 82' lang='lat' dir='ltr'><strong>verba,</strong></span> <span class='ocrx_word' id='word_1_72' title='bbox 1240 1281 1279 1346; x_wconf 89' lang='lat' dir='ltr'><strong>de</strong></span> <span class='ocrx_word' id='word_1_73' title='bbox 1302 1281 1349 1346; x_wconf 91' lang='lat' dir='ltr'><strong>eis</strong></span> <span class='ocrx_word' id='word_1_74' title='bbox 1372 1303 1437 1347; x_wconf 91' lang='lat' dir='ltr'><strong>non</strong></span> 
     </span>
     <span class='ocr_line' id='line_1_10' title="bbox 295 1385 1438 1473; baseline 0.003 -23"><span class='ocrx_word' id='word_1_75' title='bbox 295 1386 565 1472; x_wconf 79' lang='lat' dir='ltr'><strong>improbabiliter,</strong></span> <span class='ocrx_word' id='word_1_76' title='bbox 583 1390 619 1452; x_wconf 93' lang='lat' dir='ltr'><strong>ut</strong></span> <span class='ocrx_word' id='word_1_77' title='bbox 641 1391 803 1471; x_wconf 88' lang='lat' dir='ltr'><strong>putemus,</strong></span> <span class='ocrx_word' id='word_1_78' title='bbox 827 1386 872 1451; x_wconf 89' lang='lat' dir='ltr'><strong>sie</strong></span> <span class='ocrx_word' id='word_1_79' title='bbox 895 1385 1172 1473; x_wconf 83' lang='lat' dir='ltr'><strong>ratiocinamur.*)</strong></span> <span class='ocrx_word' id='word_1_80' title='bbox 1182 1435 1438 1454; x_wconf 92' lang='grc'><strong>......</strong></span> 
     </span>
    </p>

    <p class='ocr_par' dir='ltr' id='par_1_4' title="bbox 255 1491 1442 2736">
     <span class='ocr_line' id='line_1_11' title="bbox 255 1491 1438 1577; baseline 0.001 -18"><span class='ocrx_word' id='word_1_81' title='bbox 255 1519 281 1559; x_wconf 77' lang='lat' dir='ltr'><strong>rs</strong></span> <span class='ocrx_word' id='word_1_82' title='bbox 385 1492 538 1577; x_wconf 84' lang='lat' dir='ltr'><strong>Superest</strong></span> <span class='ocrx_word' id='word_1_83' title='bbox 564 1497 602 1560; x_wconf 94' lang='lat' dir='ltr'><strong>ut</strong></span> <span class='ocrx_word' id='word_1_84' title='bbox 628 1493 666 1558; x_wconf 91' lang='lat' dir='ltr'><strong>de</strong></span> <span class='ocrx_word' id='word_1_85' title='bbox 693 1492 849 1577; x_wconf 84' lang='lat' dir='ltr'><strong>proximis</strong></span> <span class='ocrx_word' id='word_1_86' title='bbox 877 1492 1012 1576; x_wconf 88' lang='lat' dir='ltr'><strong>dicatur,</strong></span> <span class='ocrx_word' id='word_1_87' title='bbox 1034 1493 1068 1557; x_wconf 92' lang='lat' dir='ltr'><strong>in</strong></span> <span class='ocrx_word' id='word_1_88' title='bbox 1092 1491 1210 1577; x_wconf 89' lang='lat' dir='ltr'><strong>quibus</strong></span> <span class='ocrx_word' id='word_1_89' title='bbox 1234 1516 1308 1561; x_wconf 90' lang='lat' dir='ltr'><strong>cum</strong></span> <span class='ocrx_word' id='word_1_90' title='bbox 1333 1497 1438 1576; x_wconf 86' lang='grc' dir='ltr'>βρέμει</span> 
     </span>
     <span class='ocr_line' id='line_1_12' title="bbox 296 1598 1439 1686; baseline 0 -21"><span class='ocrx_word' id='word_1_91' title='bbox 296 1600 464 1685; x_wconf 78' lang='lat' dir='ltr'><strong>aptissime</strong></span> <span class='ocrx_word' id='word_1_92' title='bbox 484 1601 524 1665; x_wconf 91' lang='lat' dir='ltr'><strong>ad</strong></span> <span class='ocrx_word' id='word_1_93' title='bbox 543 1601 638 1665; x_wconf 80' lang='lat' dir='ltr'><strong>nebia</strong></span> <span class='ocrx_word' id='word_1_94' title='bbox 657 1599 824 1682; x_wconf 88' lang='lat' dir='ltr'><strong>referatur,</strong></span> <span class='ocrx_word' id='word_1_95' title='bbox 847 1602 983 1665; x_wconf 85' lang='grc' dir='ltr'>ποτᾶται</span> <span class='ocrx_word' id='word_1_96' title='bbox 1000 1598 1090 1664; x_wconf 91' lang='lat' dir='ltr'><strong>nullo</strong></span> <span class='ocrx_word' id='word_1_97' title='bbox 1109 1599 1205 1666; x_wconf 89' lang='lat' dir='ltr'><strong>modo</strong></span> <span class='ocrx_word' id='word_1_98' title='bbox 1225 1600 1302 1666; x_wconf 87' lang='lat' dir='ltr'><strong>ferri</strong></span> <span class='ocrx_word' id='word_1_99' title='bbox 1321 1605 1439 1686; x_wconf 89' lang='lat' dir='ltr'><strong>potest,</strong></span> 
     </span>
     <span class='ocr_line' id='line_1_13' title="bbox 296 1705 1440 1774; baseline 0.002 -2"><span class='ocrx_word' id='word_1_100' title='bbox 296 1708 343 1772; x_wconf 87' lang='lat' dir='ltr'><strong>ita</strong></span> <span class='ocrx_word' id='word_1_101' title='bbox 366 1711 403 1772; x_wconf 92' lang='lat' dir='ltr'><strong>ut</strong></span> <span class='ocrx_word' id='word_1_102' title='bbox 427 1712 483 1772; x_wconf 88' lang='lat' dir='ltr'><strong>aut</strong></span> <span class='ocrx_word' id='word_1_103' title='bbox 505 1729 612 1773; x_wconf 89' lang='lat' dir='ltr'><strong>errore</strong></span> <span class='ocrx_word' id='word_1_104' title='bbox 636 1706 782 1772; x_wconf 90' lang='lat' dir='ltr'><strong>additum</strong></span> <span class='ocrx_word' id='word_1_105' title='bbox 805 1709 862 1772; x_wconf 89' lang='lat' dir='ltr'><strong>aut</strong></span> <span class='ocrx_word' id='word_1_106' title='bbox 885 1706 991 1773; x_wconf 89' lang='lat' dir='ltr'><strong>alieno</strong></span> <span class='ocrx_word' id='word_1_107' title='bbox 1015 1707 1086 1771; x_wconf 90' lang='lat' dir='ltr'><strong>loco</strong></span> <span class='ocrx_word' id='word_1_108' title='bbox 1105 1705 1263 1773; x_wconf 91' lang='lat' dir='ltr'><strong>insertum</strong></span> <span class='ocrx_word' id='word_1_109' title='bbox 1283 1708 1440 1774; x_wconf 86' lang='lat' dir='ltr'><strong>videatur.</strong></span> 
     </span>
     <span class='ocr_line' id='line_1_14' title="bbox 296 1813 1440 1900; baseline 0.002 -22"><span class='ocrx_word' id='word_1_110' title='bbox 296 1813 441 1890; x_wconf 82' lang='lat' dir='ltr'><strong>Quorum</strong></span> <span class='ocrx_word' id='word_1_111' title='bbox 464 1815 526 1880; x_wconf 90' lang='lat' dir='ltr'><strong>hoc</strong></span> <span class='ocrx_word' id='word_1_112' title='bbox 549 1815 680 1900; x_wconf 90' lang='lat' dir='ltr'><strong>quidem</strong></span> <span class='ocrx_word' id='word_1_113' title='bbox 704 1815 773 1880; x_wconf 91' lang='lat' dir='ltr'><strong>loeo</strong></span> <span class='ocrx_word' id='word_1_114' title='bbox 794 1814 955 1898; x_wconf 91' lang='lat' dir='ltr'><strong>posterius</strong></span> <span class='ocrx_word' id='word_1_115' title='bbox 975 1813 1189 1900; x_wconf 76' lang='lat' dir='ltr'><strong>uaesaniam,</strong></span> <span class='ocrx_word' id='word_1_116' title='bbox 1212 1815 1277 1882; x_wconf 90' lang='lat' dir='ltr'><strong>alia</strong></span> <span class='ocrx_word' id='word_1_117' title='bbox 1300 1816 1440 1900; x_wconf 90' lang='lat' dir='ltr'><strong>quadam</strong></span> 
     </span>
     <span class='ocr_line' id='line_1_15' title="bbox 296 1921 1440 2008; baseline 0.001 -22"><span class='ocrx_word' id='word_1_118' title='bbox 296 1923 374 1986; x_wconf 91' lang='lat' dir='ltr'><strong>licet</strong></span> <span class='ocrx_word' id='word_1_119' title='bbox 396 1921 526 2007; x_wconf 82' lang='lat' dir='ltr'><strong>assequi</strong></span> <span class='ocrx_word' id='word_1_120' title='bbox 550 1923 834 2008; x_wconf 81' lang='lat' dir='ltr'><strong>argumentatione</strong></span> <span class='ocrx_word' id='word_1_121' title='bbox 858 1944 896 1988; x_wconf 86' lang='lat' dir='ltr'><strong>ex</strong></span> <span class='ocrx_word' id='word_1_122' title='bbox 920 1922 1056 1988; x_wconf 89' lang='lat' dir='ltr'><strong>metrica</strong></span> <span class='ocrx_word' id='word_1_123' title='bbox 1079 1923 1205 1990; x_wconf 90' lang='lat' dir='ltr'><strong>ratione</strong></span> <span class='ocrx_word' id='word_1_124' title='bbox 1229 1923 1340 2007; x_wconf 84' lang='lat' dir='ltr'><strong>petita</strong></span> <span class='ocrx_word' id='word_1_125' title='bbox 1377 1922 1440 1999; x_wconf 78' lang='lat' dir='ltr'><strong>Qui</strong></span> 
     </span>
     <span class='ocr_line' id='line_1_16' title="bbox 296 2027 1440 2113; baseline 0.001 -19"><span class='ocrx_word' id='word_1_126' title='bbox 296 2027 429 2094; x_wconf 88' lang='lat' dir='ltr'><strong>enimv.</strong></span> <span class='ocrx_word' id='word_1_127' title='bbox 449 2029 491 2094; x_wconf 89' lang='grc'><strong>89</strong></span> <span class='ocrx_word' id='word_1_128' title='bbox 511 2029 656 2095; x_wconf 89' lang='lat' dir='ltr'><strong>adiectus</strong></span> <span class='ocrx_word' id='word_1_129' title='bbox 680 2034 731 2095; x_wconf 88' lang='lat' dir='ltr'><strong>est</strong></span> <span class='ocrx_word' id='word_1_130' title='bbox 753 2028 891 2094; x_wconf 90' lang='lat' dir='ltr'><strong>dimetro</strong></span> <span class='ocrx_word' id='word_1_131' title='bbox 909 2028 1100 2095; x_wconf 87' lang='lat' dir='ltr'><strong>dochmiaeo</strong></span> <span class='ocrx_word' id='word_1_132' title='bbox 1119 2029 1282 2113; x_wconf 87' lang='lat' dir='ltr'><strong>bacchius,</strong></span> <span class='ocrx_word' id='word_1_133' title='bbox 1305 2030 1440 2096; x_wconf 88' lang='lat' dir='ltr'><strong>eundern</strong></span> 
     </span>
     <span class='ocr_line' id='line_1_17' title="bbox 298 2135 1440 2222; baseline 0.002 -22"><span class='ocrx_word' id='word_1_134' title='bbox 298 2136 366 2200; x_wconf 86' lang='lat' dir='ltr'><strong>veri</strong></span> <span class='ocrx_word' id='word_1_135' title='bbox 386 2136 491 2201; x_wconf 90' lang='lat' dir='ltr'><strong>simile</strong></span> <span class='ocrx_word' id='word_1_136' title='bbox 511 2140 562 2200; x_wconf 89' lang='lat' dir='ltr'><strong>est</strong></span> <span class='ocrx_word' id='word_1_137' title='bbox 579 2158 609 2202; x_wconf 88' lang='grc' dir='ltr'>τ.</span> <span class='ocrx_word' id='word_1_138' title='bbox 627 2138 670 2202; x_wconf 86' lang='grc'><strong>82</strong></span> <span class='ocrx_word' id='word_1_139' title='bbox 690 2135 854 2219; x_wconf 85' lang='lat' dir='ltr'><strong>excidisse,</strong></span> <span class='ocrx_word' id='word_1_140' title='bbox 878 2157 974 2221; x_wconf 91' lang='lat' dir='ltr'><strong>quem</strong></span> <span class='ocrx_word' id='word_1_141' title='bbox 992 2157 1058 2201; x_wconf 89' lang='lat' dir='ltr'><strong>nou</strong></span> <span class='ocrx_word' id='word_1_142' title='bbox 1076 2136 1185 2222; x_wconf 86' lang='lat' dir='ltr'><strong>inepte</strong></span> <span class='ocrx_word' id='word_1_143' title='bbox 1208 2136 1255 2202; x_wconf 89' lang='lat' dir='ltr'><strong>ita</strong></span> <span class='ocrx_word' id='word_1_144' title='bbox 1278 2136 1440 2221; x_wconf 89' lang='lat' dir='ltr'><strong>quispiam</strong></span> 
     </span>
     <span class='ocr_line' id='line_1_18' title="bbox 297 2242 1441 2329; baseline 0.001 -22"><span class='ocrx_word' id='word_1_145' title='bbox 297 2242 413 2308; x_wconf 84' lang='lat' dir='ltr'><strong>addere</strong></span> <span class='ocrx_word' id='word_1_146' title='bbox 441 2244 558 2328; x_wconf 84' lang='lat' dir='ltr'><strong>possit,</strong></span> <span class='ocrx_word' id='word_1_147' title='bbox 588 2248 625 2310; x_wconf 89' lang='lat' dir='ltr'><strong>ut</strong></span> <span class='ocrx_word' id='word_1_148' title='bbox 651 2243 779 2308; x_wconf 81' lang='grc' dir='ltr'>διώκων</span> <span class='ocrx_word' id='word_1_149' title='bbox 805 2243 980 2326; x_wconf 88' lang='lat' dir='ltr'><strong>participio</strong></span> <span class='ocrx_word' id='word_1_150' title='bbox 1003 2243 1115 2308; x_wconf 89' lang='lat' dir='ltr'><strong>itidem</strong></span> <span class='ocrx_word' id='word_1_151' title='bbox 1139 2242 1326 2329; x_wconf 87' lang='lat' dir='ltr'><strong>oppositum</strong></span> <span class='ocrx_word' id='word_1_152' title='bbox 1349 2247 1441 2328; x_wconf 90' lang='lat' dir='ltr'><strong>putet</strong></span> 
     </span>
     <span class='ocr_line' id='line_1_19' title="bbox 298 2349 1441 2435; baseline 0.001 -21"><span class='ocrx_word' id='word_1_153' title='bbox 298 2349 436 2414; x_wconf 88' lang='lat' dir='ltr'><strong>alterum</strong></span> <span class='ocrx_word' id='word_1_154' title='bbox 460 2349 668 2435; x_wconf 90' lang='lat' dir='ltr'><strong>participium</strong></span> <span class='ocrx_word' id='word_1_155' title='bbox 692 2349 840 2430; x_wconf 86' lang='grc' dir='ltr'>περάιαι.</span> <span class='ocrx_word' id='word_1_156' title='bbox 876 2349 1083 2416; x_wconf 88' lang='lat' dir='ltr'><strong>Probabilius</strong></span> <span class='ocrx_word' id='word_1_157' title='bbox 1106 2354 1216 2417; x_wconf 88' lang='lat' dir='ltr'><strong>tamen</strong></span> <span class='ocrx_word' id='word_1_158' title='bbox 1241 2355 1292 2416; x_wconf 89' lang='lat' dir='ltr'><strong>est</strong></span> <span class='ocrx_word' id='word_1_159' title='bbox 1311 2350 1376 2416; x_wconf 88' lang='lat' dir='ltr'><strong>huc</strong></span> <span class='ocrx_word' id='word_1_160' title='bbox 1393 2372 1441 2416; x_wconf 89' lang='lat' dir='ltr'><strong>re·</strong></span> 
     </span>
     <span class='ocr_line' id='line_1_20' title="bbox 299 2456 1442 2543; baseline 0.003 -23"><span class='ocrx_word' id='word_1_161' title='bbox 299 2457 381 2520; x_wconf 83' lang='lat' dir='ltr'><strong>ferre</strong></span> <span class='ocrx_word' id='word_1_162' title='bbox 405 2456 493 2522; x_wconf 89' lang='lat' dir='ltr'><strong>istud</strong></span> <span class='ocrx_word' id='word_1_163' title='bbox 516 2461 665 2536; x_wconf 84' lang='grc' dir='ltr'>ποτᾶται,</span> <span class='ocrx_word' id='word_1_164' title='bbox 694 2457 779 2542; x_wconf 90' lang='lat' dir='ltr'><strong>quod</strong></span> <span class='ocrx_word' id='word_1_165' title='bbox 807 2479 845 2522; x_wconf 89' lang='lat' dir='ltr'><strong>eo</strong></span> <span class='ocrx_word' id='word_1_166' title='bbox 875 2479 970 2543; x_wconf 91' lang='lat' dir='ltr'><strong>quem</strong></span> <span class='ocrx_word' id='word_1_167' title='bbox 992 2480 1078 2524; x_wconf 90' lang='lat' dir='ltr'><strong>nunc</strong></span> <span class='ocrx_word' id='word_1_168' title='bbox 1100 2463 1190 2525; x_wconf 87' lang='lat' dir='ltr'><strong>tenet</strong></span> <span class='ocrx_word' id='word_1_169' title='bbox 1212 2459 1285 2526; x_wconf 90' lang='lat' dir='ltr'><strong>loeo</strong></span> <span class='ocrx_word' id='word_1_170' title='bbox 1308 2479 1442 2543; x_wconf 89' lang='lat' dir='ltr'><strong>prorsus</strong></span> 
     </span>
     <span class='ocr_line' id='line_1_21' title="bbox 298 2561 1442 2648; baseline 0.003 -21"><span class='ocrx_word' id='word_1_171' title='bbox 298 2563 446 2648; x_wconf 85' lang='lat' dir='ltr'><strong>ineptum</strong></span> <span class='ocrx_word' id='word_1_172' title='bbox 478 2561 531 2628; x_wconf 91' lang='lat' dir='ltr'><strong>hic</strong></span> <span class='ocrx_word' id='word_1_173' title='bbox 563 2563 770 2648; x_wconf 89' lang='lat' dir='ltr'><strong>aptissimum</strong></span> <span class='ocrx_word' id='word_1_174' title='bbox 799 2567 862 2643; x_wconf 89' lang='lat' dir='ltr'><strong>est,</strong></span> <span class='ocrx_word' id='word_1_175' title='bbox 893 2565 989 2630; x_wconf 91' lang='lat' dir='ltr'><strong>modo</strong></span> <span class='ocrx_word' id='word_1_176' title='bbox 1021 2563 1161 2631; x_wconf 75' lang='grc' dir='ltr'>ἄναυδοι</span> <span class='ocrx_word' id='word_1_177' title='bbox 1192 2566 1227 2630; x_wconf 90' lang='lat' dir='ltr'><strong>in</strong></span> <span class='ocrx_word' id='word_1_178' title='bbox 1259 2566 1280 2630; x_wconf 85' lang='grc' dir='ltr'>ἃ</span> <span class='ocrx_word' id='word_1_179' title='bbox 1313 2563 1442 2632; x_wconf 64' lang='lat' dir='ltr'><strong>²recubos</strong></span> 
     </span>
     <span class='ocr_line' id='line_1_22' title="bbox 299 2673 515 2736; baseline 0 -1"><span class='ocrx_word' id='word_1_180' title='bbox 299 2673 515 2736; x_wconf 84' lang='lat' dir='ltr'><strong>convertatur.</strong></span> 
     </span>
    </p>
   </div>
   <div class='ocr_carea' id='block_1_3' title="bbox 298 2825 510 2834">
    <p class='ocr_par' dir='ltr' id='par_1_5' title="bbox 298 2825 510 2834">
     <span class='ocr_line' id='line_1_23' title="bbox 298 2825 510 2834; baseline -0.009 0"><span class='ocrx_word' id='word_1_181' title='bbox 298 2825 510 2834; x_wconf 46' lang='lat' dir='ltr'><strong>..mu-...m</strong></span> 
     </span>
    </p>
   </div>
   <div class='ocr_carea' id='block_1_4' title="bbox 299 2898 1446 4580">
    <p class='ocr_par' dir='ltr' id='par_1_6' title="bbox 299 2898 1446 4580">
     <span class='ocr_line' id='line_1_24' title="bbox 370 2898 1443 2972; baseline 0.001 -17"><span class='ocrx_word' id='word_1_182' title='bbox 370 2901 400 2970; x_wconf 75' lang='lat'><strong>⁴¹)</strong></span> <span class='ocrx_word' id='word_1_183' title='bbox 423 2900 514 2972; x_wconf 87' lang='lat' dir='ltr'><strong>[Hanc</strong></span> <span class='ocrx_word' id='word_1_184' title='bbox 533 2898 790 2970; x_wconf 87' lang='lat' dir='ltr'><strong>ratiocinationem,</strong></span> <span class='ocrx_word' id='word_1_185' title='bbox 808 2917 865 2970; x_wconf 90' lang='lat' dir='ltr'><strong>qna</strong></span> <span class='ocrx_word' id='word_1_186' title='bbox 882 2899 1051 2956; x_wconf 81' lang='lat' dir='ltr'><strong>Ritsohelius</strong></span> <span class='ocrx_word' id='word_1_187' title='bbox 1070 2899 1258 2956; x_wconf 85' lang='lat' dir='ltr'><strong>coniecturam</strong></span> <span class='ocrx_word' id='word_1_188' title='bbox 1277 2903 1443 2971; x_wconf 83' lang='lat' dir='ltr'><strong>supra‘pro·</strong></span> 
     </span>
     <span class='ocr_line' id='line_1_25' title="bbox 299 2989 1442 3060; baseline 0.002 -16"><span class='ocrx_word' id='word_1_189' title='bbox 299 2989 420 3059; x_wconf 86' lang='lat' dir='ltr'><strong>positam</strong></span> <span class='ocrx_word' id='word_1_190' title='bbox 440 2992 624 3058; x_wconf 82' lang='grc' dir='ltr'>ἐλαειδὲμνιον</span> <span class='ocrx_word' id='word_1_191' title='bbox 643 2989 714 3046; x_wconf 81' lang='grc' dir='ltr'>πεδί’</span> <span class='ocrx_word' id='word_1_192' title='bbox 732 2990 884 3046; x_wconf 79' lang='grc' dir='ltr'>ὁπλόκτυπ’</span> <span class='ocrx_word' id='word_1_193' title='bbox 901 2991 952 3045; x_wconf 82' lang='grc' dir='ltr'><strong>ὼτί</strong></span> <span class='ocrx_word' id='word_1_194' title='bbox 971 2989 1097 3058; x_wconf 79' lang='grc' dir='ltr'>χρίμπτει</span> <span class='ocrx_word' id='word_1_195' title='bbox 1115 2991 1184 3056; x_wconf 80' lang='grc' dir='ltr'>βοάν</span> <span class='ocrx_word' id='word_1_196' title='bbox 1202 2989 1332 3060; x_wconf 85' lang='lat' dir='ltr'><strong>firmavit,</strong></span> <span class='ocrx_word' id='word_1_197' title='bbox 1351 2989 1442 3060; x_wconf 77' lang='lat' dir='ltr'><strong>Euge·</strong></span> 
     </span>
     <span class='ocr_line' id='line_1_26' title="bbox 300 3079 1442 3150; baseline 0.004 -18"><span class='ocrx_word' id='word_1_198' title='bbox 300 3095 346 3132; x_wconf 86' lang='lat' dir='ltr'><strong>rus</strong></span> <span class='ocrx_word' id='word_1_199' title='bbox 373 3079 608 3148; x_wconf 87' lang='lat' dir='ltr'><strong>quemadmodum</strong></span> <span class='ocrx_word' id='word_1_200' title='bbox 634 3079 663 3134; x_wconf 88' lang='lat' dir='ltr'><strong>in</strong></span> <span class='ocrx_word' id='word_1_201' title='bbox 686 3079 790 3135; x_wconf 87' lang='lat' dir='ltr'><strong>scholis</strong></span> <span class='ocrx_word' id='word_1_202' title='bbox 813 3096 831 3134; x_wconf 80' lang='lat' dir='ltr'><strong>a</strong></span> <span class='ocrx_word' id='word_1_203' title='bbox 856 3081 1037 3150; x_wconf 85' lang='lat' dir='ltr'><strong>praeceptore</strong></span> <span class='ocrx_word' id='word_1_204' title='bbox 1063 3079 1175 3150; x_wconf 85' lang='lat' dir='ltr'><strong>publiea</strong></span> <span class='ocrx_word' id='word_1_205' title='bbox 1200 3079 1340 3150; x_wconf 81' lang='lat' dir='ltr'><strong>prolatam</strong></span> <span class='ocrx_word' id='word_1_206' title='bbox 1366 3095 1442 3136; x_wconf 81' lang='lat' dir='ltr'><strong>aece-</strong></span> 
     </span>
     <span class='ocr_line' id='line_1_27' title="bbox 300 3167 1444 3240; baseline 0.001 -17"><span class='ocrx_word' id='word_1_207' title='bbox 300 3167 344 3238; x_wconf 87' lang='lat' dir='ltr'><strong>pil</strong></span> <span class='ocrx_word' id='word_1_208' title='bbox 369 3168 425 3224; x_wconf 89' lang='lat' dir='ltr'><strong>suis</strong></span> <span class='ocrx_word' id='word_1_209' title='bbox 452 3170 544 3225; x_wconf 83' lang='lat' dir='ltr'><strong>serbis</strong></span> <span class='ocrx_word' id='word_1_210' title='bbox 570 3170 598 3224; x_wconf 92' lang='lat' dir='ltr'><strong>in</strong></span> <span class='ocrx_word' id='word_1_211' title='bbox 624 3168 744 3224; x_wconf 87' lang='lat' dir='ltr'><strong>latinum</strong></span> <span class='ocrx_word' id='word_1_212' title='bbox 773 3185 928 3224; x_wconf 89' lang='lat' dir='ltr'><strong>sermonem</strong></span> <span class='ocrx_word' id='word_1_213' title='bbox 956 3167 1102 3224; x_wconf 83' lang='lat' dir='ltr'><strong>convertit.</strong></span> <span class='ocrx_word' id='word_1_214' title='bbox 1142 3167 1226 3223; x_wconf 86' lang='lat' dir='ltr'><strong>Cuius</strong></span> <span class='ocrx_word' id='word_1_215' title='bbox 1246 3167 1444 3240; x_wconf 85' lang='lat' dir='ltr'><strong>disputationis</strong></span> 
     </span>
     <span class='ocr_line' id='line_1_28' title="bbox 302 3257 1445 3328; baseline 0.001 -18"><span class='ocrx_word' id='word_1_216' title='bbox 302 3273 411 3311; x_wconf 86' lang='lat' dir='ltr'><strong>summa</strong></span> <span class='ocrx_word' id='word_1_217' title='bbox 437 3258 509 3314; x_wconf 85' lang='lat' dir='ltr'><strong>haec</strong></span> <span class='ocrx_word' id='word_1_218' title='bbox 537 3260 586 3313; x_wconf 85' lang='lat' dir='ltr'><strong>ert.</strong></span> <span class='ocrx_word' id='word_1_219' title='bbox 621 3259 779 3325; x_wconf 84' lang='grc' dir='ltr'>Ἐλεδεμνάε</span> <span class='ocrx_word' id='word_1_220' title='bbox 803 3257 939 3313; x_wconf 85' lang='lat' dir='ltr'><strong>traditum</strong></span> <span class='ocrx_word' id='word_1_221' title='bbox 965 3257 1116 3328; x_wconf 84' lang='lat' dir='ltr'><strong>dupliciter</strong></span> <span class='ocrx_word' id='word_1_222' title='bbox 1137 3274 1193 3313; x_wconf 89' lang='lat' dir='ltr'><strong>non</strong></span> <span class='ocrx_word' id='word_1_223' title='bbox 1218 3274 1278 3313; x_wconf 89' lang='lat' dir='ltr'><strong>esse</strong></span> <span class='ocrx_word' id='word_1_224' title='bbox 1304 3273 1445 3328; x_wconf 82' lang='lat' dir='ltr'><strong>graecum,</strong></span> 
     </span>
     <span class='ocr_line' id='line_1_29' title="bbox 302 3345 1444 3416; baseline 0.001 -17"><span class='ocrx_word' id='word_1_225' title='bbox 302 3347 540 3402; x_wconf 79' lang='grc' dir='ltr'>πεδιοπλόκτυποε</span> <span class='ocrx_word' id='word_1_226' title='bbox 563 3347 730 3404; x_wconf 81' lang='lat' dir='ltr'><strong>vocabulum</strong></span> <span class='ocrx_word' id='word_1_227' title='bbox 755 3345 877 3401; x_wconf 88' lang='lat' dir='ltr'><strong>mirabili</strong></span> <span class='ocrx_word' id='word_1_228' title='bbox 899 3361 1012 3416; x_wconf 87' lang='lat' dir='ltr'><strong>prorsus</strong></span> <span class='ocrx_word' id='word_1_229' title='bbox 1035 3348 1065 3402; x_wconf 91' lang='lat' dir='ltr'><strong>et</strong></span> <span class='ocrx_word' id='word_1_230' title='bbox 1086 3345 1214 3402; x_wconf 84' lang='lat' dir='ltr'><strong>inaudita</strong></span> <span class='ocrx_word' id='word_1_231' title='bbox 1235 3345 1343 3402; x_wconf 88' lang='lat' dir='ltr'><strong>ratione</strong></span> <span class='ocrx_word' id='word_1_232' title='bbox 1372 3362 1444 3402; x_wconf 89' lang='lat' dir='ltr'><strong>oom-</strong></span> 
     </span>
     <span class='ocr_line' id='line_1_30' title="bbox 301 3435 1445 3506; baseline 0.001 -17"><span class='ocrx_word' id='word_1_233' title='bbox 301 3435 433 3506; x_wconf 85' lang='lat' dir='ltr'><strong>positum,</strong></span> <span class='ocrx_word' id='word_1_234' title='bbox 454 3452 545 3506; x_wconf 90' lang='lat' dir='ltr'><strong>neque</strong></span> <span class='ocrx_word' id='word_1_235' title='bbox 569 3436 695 3493; x_wconf 83' lang='lat' dir='ltr'><strong>sulficere</strong></span> <span class='ocrx_word' id='word_1_236' title='bbox 714 3435 867 3492; x_wconf 85' lang='lat' dir='ltr'><strong>Hermanni</strong></span> <span class='ocrx_word' id='word_1_237' title='bbox 885 3435 977 3504; x_wconf 88' lang='lat' dir='ltr'><strong>(elem.</strong></span> <span class='ocrx_word' id='word_1_238' title='bbox 996 3435 1023 3490; x_wconf 90' lang='lat' dir='ltr'><strong>d.</strong></span> <span class='ocrx_word' id='word_1_239' title='bbox 1041 3437 1123 3492; x_wconf 87' lang='lat' dir='ltr'><strong>metr.</strong></span> <span class='ocrx_word' id='word_1_240' title='bbox 1143 3452 1169 3506; x_wconf 88' lang='lat' dir='ltr'><strong>p.</strong></span> <span class='ocrx_word' id='word_1_241' title='bbox 1189 3439 1252 3504; x_wconf 75' lang='lat'>269)</span> <span class='ocrx_word' id='word_1_242' title='bbox 1274 3436 1345 3491; x_wconf 84' lang='grc' dir='ltr'>πεδί’</span> <span class='ocrx_word' id='word_1_243' title='bbox 1363 3439 1445 3490; x_wconf 83' lang='grc' dir='ltr'>ὁπλο-</span> 
     </span>
     <span class='ocr_line' id='line_1_31' title="bbox 301 3523 1444 3596; baseline 0.002 -18"><span class='ocrx_word' id='word_1_244' title='bbox 301 3525 413 3594; x_wconf 83' lang='grc' dir='ltr'>κτύποτ,</span> <span class='ocrx_word' id='word_1_245' title='bbox 431 3541 495 3580; x_wconf 92' lang='lat' dir='ltr'><strong>cum</strong></span> <span class='ocrx_word' id='word_1_246' title='bbox 515 3532 627 3581; x_wconf 84' lang='grc' dir='ltr'>κτυπεῖν</span> <span class='ocrx_word' id='word_1_247' title='bbox 641 3525 719 3582; x_wconf 88' lang='lat' dir='ltr'><strong>nullo</strong></span> <span class='ocrx_word' id='word_1_248' title='bbox 737 3525 821 3582; x_wconf 86' lang='lat' dir='ltr'><strong>modo</strong></span> <span class='ocrx_word' id='word_1_249' title='bbox 836 3525 929 3581; x_wconf 73' lang='lat' dir='ltr'><strong>andra</strong></span> <span class='ocrx_word' id='word_1_250' title='bbox 947 3523 1152 3596; x_wconf 74' lang='lat' dir='ltr'><strong>significatione</strong></span> <span class='ocrx_word' id='word_1_251' title='bbox 1170 3524 1227 3581; x_wconf 88' lang='lat' dir='ltr'><strong>diei</strong></span> <span class='ocrx_word' id='word_1_252' title='bbox 1245 3523 1345 3595; x_wconf 91' lang='lat' dir='ltr'><strong>possit:</strong></span> <span class='ocrx_word' id='word_1_253' title='bbox 1365 3539 1444 3596; x_wconf 87' lang='lat' dir='ltr'><strong>prae·</strong></span> 
     </span>
     <span class='ocr_line' id='line_1_32' title="bbox 301 3613 1443 3685; baseline 0.001 -17"><span class='ocrx_word' id='word_1_254' title='bbox 301 3613 379 3668; x_wconf 85' lang='lat' dir='ltr'><strong>terea</strong></span> <span class='ocrx_word' id='word_1_255' title='bbox 397 3614 449 3682; x_wconf 79' lang='grc' dir='ltr'><strong>βοά</strong></span> <span class='ocrx_word' id='word_1_256' title='bbox 468 3614 608 3670; x_wconf 75' lang='lat' dir='ltr'><strong>comanti</strong></span> <span class='ocrx_word' id='word_1_257' title='bbox 626 3615 772 3685; x_wconf 82' lang='lat' dir='ltr'><strong>poetarum</strong></span> <span class='ocrx_word' id='word_1_258' title='bbox 792 3632 844 3670; x_wconf 87' lang='lat' dir='ltr'><strong>usu</strong></span> <span class='ocrx_word' id='word_1_259' title='bbox 858 3613 1009 3670; x_wconf 64' lang='lat' dir='ltr'><strong>emmeram</strong></span> <span class='ocrx_word' id='word_1_260' title='bbox 1023 3615 1157 3670; x_wconf 82' lang='lat' dir='ltr'><strong>denotare</strong></span> <span class='ocrx_word' id='word_1_261' title='bbox 1171 3631 1224 3670; x_wconf 88' lang='lat' dir='ltr'><strong>nec</strong></span> <span class='ocrx_word' id='word_1_262' title='bbox 1237 3617 1332 3670; x_wconf 89' lang='lat' dir='ltr'><strong>tamen</strong></span> <span class='ocrx_word' id='word_1_263' title='bbox 1346 3615 1443 3685; x_wconf 86' lang='lat' dir='ltr'><strong>aptum</strong></span> 
     </span>
     <span class='ocr_line' id='line_1_33' title="bbox 302 3702 1443 3775; baseline 0.003 -19"><span class='ocrx_word' id='word_1_264' title='bbox 302 3717 362 3756; x_wconf 91' lang='lat' dir='ltr'><strong>esse</strong></span> <span class='ocrx_word' id='word_1_265' title='bbox 381 3702 417 3756; x_wconf 92' lang='lat' dir='ltr'><strong>ad</strong></span> <span class='ocrx_word' id='word_1_266' title='bbox 437 3703 601 3772; x_wconf 80' lang='lat' dir='ltr'><strong>equinorum</strong></span> <span class='ocrx_word' id='word_1_267' title='bbox 620 3704 768 3775; x_wconf 85' lang='lat' dir='ltr'><strong>strepitum</strong></span> <span class='ocrx_word' id='word_1_268' title='bbox 783 3703 950 3775; x_wconf 78' lang='lat' dir='ltr'><strong>nugularum</strong></span> <span class='ocrx_word' id='word_1_269' title='bbox 968 3703 1013 3758; x_wconf 81' lang='lat' dir='ltr'><strong>vel</strong></span> <span class='ocrx_word' id='word_1_270' title='bbox 1032 3720 1172 3759; x_wconf 83' lang='lat' dir='ltr'><strong>armornm</strong></span> <span class='ocrx_word' id='word_1_271' title='bbox 1192 3703 1340 3774; x_wconf 64' lang='lat' dir='ltr'><strong>stridorem</strong></span> <span class='ocrx_word' id='word_1_272' title='bbox 1359 3703 1443 3774; x_wconf 75' lang='lat' dir='ltr'><strong>signi·</strong></span> 
     </span>
     <span class='ocr_line' id='line_1_34' title="bbox 302 3790 1445 3864; baseline 0.003 -20"><span class='ocrx_word' id='word_1_273' title='bbox 302 3791 455 3847; x_wconf 84' lang='lat' dir='ltr'><strong>licendum:</strong></span> <span class='ocrx_word' id='word_1_274' title='bbox 475 3790 593 3861; x_wconf 88' lang='lat' dir='ltr'><strong>denique</strong></span> <span class='ocrx_word' id='word_1_275' title='bbox 608 3810 720 3863; x_wconf 88' lang='lat' dir='ltr'><strong>prorsus</strong></span> <span class='ocrx_word' id='word_1_276' title='bbox 734 3810 790 3849; x_wconf 89' lang='lat' dir='ltr'><strong>uon</strong></span> <span class='ocrx_word' id='word_1_277' title='bbox 804 3791 941 3863; x_wconf 77' lang='lat' dir='ltr'><strong>intellegi,</strong></span> <span class='ocrx_word' id='word_1_278' title='bbox 959 3809 1009 3848; x_wconf 90' lang='lat' dir='ltr'><strong>cnr</strong></span> <span class='ocrx_word' id='word_1_279' title='bbox 1023 3791 1154 3864; x_wconf 87' lang='lat' dir='ltr'><strong>strepitus</strong></span> <span class='ocrx_word' id='word_1_280' title='bbox 1169 3791 1250 3847; x_wconf 89' lang='lat' dir='ltr'><strong>istius</strong></span> <span class='ocrx_word' id='word_1_281' title='bbox 1264 3791 1445 3863; x_wconf 86' lang='lat' dir='ltr'><strong>descriptioni</strong></span> 
     </span>
     <span class='ocr_line' id='line_1_35' title="bbox 301 3879 1444 3953; baseline 0.002 -19"><span class='ocrx_word' id='word_1_282' title='bbox 301 3881 383 3934; x_wconf 82' lang='lat' dir='ltr'><strong>tanta</strong></span> <span class='ocrx_word' id='word_1_283' title='bbox 396 3879 535 3936; x_wconf 88' lang='lat' dir='ltr'><strong>tribuatur</strong></span> <span class='ocrx_word' id='word_1_284' title='bbox 548 3880 599 3950; x_wconf 81' lang='lat' dir='ltr'><strong>vis,</strong></span> <span class='ocrx_word' id='word_1_285' title='bbox 613 3883 645 3936; x_wconf 90' lang='lat' dir='ltr'><strong>ut</strong></span> <span class='ocrx_word' id='word_1_286' title='bbox 658 3897 709 3953; x_wconf 88' lang='lat' dir='ltr'><strong>par</strong></span> <span class='ocrx_word' id='word_1_287' title='bbox 721 3883 779 3936; x_wconf 88' lang='lat' dir='ltr'><strong>tres</strong></span> <span class='ocrx_word' id='word_1_288' title='bbox 788 3881 930 3952; x_wconf 88' lang='lat' dir='ltr'><strong>pertineat</strong></span> <span class='ocrx_word' id='word_1_289' title='bbox 939 3880 1075 3936; x_wconf 82' lang='lat' dir='ltr'><strong>enuntiati</strong></span> <span class='ocrx_word' id='word_1_290' title='bbox 1084 3881 1187 3950; x_wconf 86' lang='lat' dir='ltr'><strong>partes.</strong></span> <span class='ocrx_word' id='word_1_291' title='bbox 1210 3883 1240 3936; x_wconf 93' lang='lat' dir='ltr'><strong>In</strong></span> <span class='ocrx_word' id='word_1_292' title='bbox 1251 3880 1444 3937; x_wconf 89' lang='lat' dir='ltr'><strong>emendatione</strong></span> 
     </span>
     <span class='ocr_line' id='line_1_36' title="bbox 301 3968 1446 4040; baseline 0.002 -18"><span class='ocrx_word' id='word_1_293' title='bbox 301 3984 368 4024; x_wconf 83' lang='lat' dir='ltr'><strong>vero</strong></span> <span class='ocrx_word' id='word_1_294' title='bbox 382 3968 613 4039; x_wconf 85' lang='lat' dir='ltr'><strong>proficiscendum</strong></span> <span class='ocrx_word' id='word_1_295' title='bbox 628 3985 689 4026; x_wconf 83' lang='lat' dir='ltr'><strong>esse</strong></span> <span class='ocrx_word' id='word_1_296' title='bbox 700 3970 735 4026; x_wconf 85' lang='lat' dir='ltr'><strong>ab</strong></span> <span class='ocrx_word' id='word_1_297' title='bbox 750 3970 920 4040; x_wconf 84' lang='lat' dir='ltr'><strong>optimomm</strong></span> <span class='ocrx_word' id='word_1_298' title='bbox 933 3969 1068 4026; x_wconf 87' lang='lat' dir='ltr'><strong>librorum</strong></span> <span class='ocrx_word' id='word_1_299' title='bbox 1083 3969 1223 4040; x_wconf 86' lang='lat' dir='ltr'><strong>scriptura</strong></span> <span class='ocrx_word' id='word_1_300' title='bbox 1235 3969 1263 4025; x_wconf 86' lang='grc' dir='ltr'>τί</span> <span class='ocrx_word' id='word_1_301' title='bbox 1276 3969 1446 4040; x_wconf 74' lang='grc' dir='ltr'>χρίμπτεται,</span> 
     </span>
     <span class='ocr_line' id='line_1_37' title="bbox 302 4057 1445 4131; baseline 0.001 -18"><span class='ocrx_word' id='word_1_302' title='bbox 302 4075 359 4127; x_wconf 89' lang='lat' dir='ltr'><strong>qua</strong></span> <span class='ocrx_word' id='word_1_303' title='bbox 377 4061 428 4114; x_wconf 83' lang='grc' dir='ltr'>ὼτί</span> <span class='ocrx_word' id='word_1_304' title='bbox 443 4060 559 4131; x_wconf 75' lang='lat' dir='ltr'><strong>vulgato</strong></span> <span class='ocrx_word' id='word_1_305' title='bbox 573 4061 621 4116; x_wconf 80' lang='lat' dir='ltr'><strong>acl</strong></span> <span class='ocrx_word' id='word_1_306' title='bbox 635 4059 847 4131; x_wconf 77' lang='lat' dir='ltr'><strong>praeferendam</strong></span> <span class='ocrx_word' id='word_1_307' title='bbox 861 4059 1084 4128; x_wconf 61' lang='lat' dir='ltr'><strong>commendatum</strong></span> <span class='ocrx_word' id='word_1_308' title='bbox 1102 4057 1334 4130; x_wconf 85' lang='lat' dir='ltr'><strong>depravationem</strong></span> <span class='ocrx_word' id='word_1_309' title='bbox 1349 4061 1445 4115; x_wconf 86' lang='lat' dir='ltr'><strong>autem</strong></span> 
     </span>
     <span class='ocr_line' id='line_1_38' title="bbox 303 4147 1446 4221; baseline 0 -19"><span class='ocrx_word' id='word_1_310' title='bbox 303 4148 384 4202; x_wconf 68' lang='lat' dir='ltr'><strong>burins</strong></span> <span class='ocrx_word' id='word_1_311' title='bbox 402 4150 520 4204; x_wconf 84' lang='lat' dir='ltr'><strong>voculae</strong></span> <span class='ocrx_word' id='word_1_312' title='bbox 538 4150 575 4206; x_wconf 87' lang='lat' dir='ltr'><strong>ad</strong></span> <span class='ocrx_word' id='word_1_313' title='bbox 593 4149 718 4221; x_wconf 83' lang='lat' dir='ltr'><strong>proxime</strong></span> <span class='ocrx_word' id='word_1_314' title='bbox 737 4148 812 4218; x_wconf 87' lang='lat' dir='ltr'><strong>quod</strong></span> <span class='ocrx_word' id='word_1_315' title='bbox 831 4147 972 4204; x_wconf 75' lang='lat' dir='ltr'><strong>mteeedit</strong></span> <span class='ocrx_word' id='word_1_316' title='bbox 985 4147 1152 4204; x_wconf 83' lang='lat' dir='ltr'><strong>vocabulum</strong></span> <span class='ocrx_word' id='word_1_317' title='bbox 1170 4147 1337 4217; x_wconf 87' lang='lat' dir='ltr'><strong>pertinuisse</strong></span> <span class='ocrx_word' id='word_1_318' title='bbox 1355 4147 1397 4204; x_wconf 87' lang='lat' dir='ltr'><strong>ita</strong></span> <span class='ocrx_word' id='word_1_319' title='bbox 1414 4150 1446 4204; x_wconf 92' lang='lat' dir='ltr'><strong>ut</strong></span> 
     </span>
     <span class='ocr_line' id='line_1_39' title="bbox 303 4235 1445 4309; baseline 0.001 -18"><span class='ocrx_word' id='word_1_320' title='bbox 303 4240 374 4294; x_wconf 83' lang='grc' dir='ltr'>πεδί’</span> <span class='ocrx_word' id='word_1_321' title='bbox 396 4241 548 4296; x_wconf 79' lang='grc' dir='ltr'>ὁπλόκτυπ’</span> <span class='ocrx_word' id='word_1_322' title='bbox 570 4239 699 4295; x_wconf 84' lang='lat' dir='ltr'><strong>videatur</strong></span> <span class='ocrx_word' id='word_1_323' title='bbox 721 4239 856 4309; x_wconf 88' lang='lat' dir='ltr'><strong>scriptum</strong></span> <span class='ocrx_word' id='word_1_324' title='bbox 879 4236 965 4293; x_wconf 82' lang='lat' dir='ltr'><strong>luisse</strong></span> <span class='ocrx_word' id='word_1_325' title='bbox 984 4235 1153 4306; x_wconf 76' lang='lat' dir='ltr'><strong>antiquitus3</strong></span> <span class='ocrx_word' id='word_1_326' title='bbox 1179 4237 1288 4306; x_wconf 87' lang='lat' dir='ltr'><strong>reliqua</strong></span> <span class='ocrx_word' id='word_1_327' title='bbox 1305 4237 1363 4292; x_wconf 87' lang='lat' dir='ltr'><strong>lere</strong></span> <span class='ocrx_word' id='word_1_328' title='bbox 1381 4253 1445 4292; x_wconf 89' lang='lat' dir='ltr'><strong>eon·</strong></span> 
     </span>
     <span class='ocr_line' id='line_1_40' title="bbox 305 4325 1446 4396; baseline -0.002 -14"><span class='ocrx_word' id='word_1_329' title='bbox 305 4327 425 4383; x_wconf 83' lang='lat' dir='ltr'><strong>acetaria</strong></span> <span class='ocrx_word' id='word_1_330' title='bbox 442 4344 503 4384; x_wconf 88' lang='lat' dir='ltr'><strong>essa</strong></span> <span class='ocrx_word' id='word_1_331' title='bbox 522 4330 551 4384; x_wconf 90' lang='lat' dir='ltr'><strong>et</strong></span> <span class='ocrx_word' id='word_1_332' title='bbox 575 4329 626 4396; x_wconf 83' lang='grc' dir='ltr'><strong>βοά</strong></span> <span class='ocrx_word' id='word_1_333' title='bbox 650 4327 680 4383; x_wconf 90' lang='lat' dir='ltr'><strong>in</strong></span> <span class='ocrx_word' id='word_1_334' title='bbox 704 4329 772 4396; x_wconf 84' lang='grc' dir='ltr'>βοάν</span> <span class='ocrx_word' id='word_1_335' title='bbox 795 4326 959 4382; x_wconf 86' lang='lat' dir='ltr'><strong>mutandum</strong></span> <span class='ocrx_word' id='word_1_336' title='bbox 983 4328 1012 4382; x_wconf 86' lang='lat' dir='ltr'><strong>et</strong></span> <span class='ocrx_word' id='word_1_337' title='bbox 1034 4328 1179 4394; x_wconf 83' lang='grc' dir='ltr'>ἑλεδεμνάτ</span> <span class='ocrx_word' id='word_1_338' title='bbox 1201 4325 1230 4382; x_wconf 91' lang='lat' dir='ltr'><strong>in</strong></span> <span class='ocrx_word' id='word_1_339' title='bbox 1254 4327 1446 4394; x_wconf 83' lang='grc' dir='ltr'>ἐλαειδὲμνιον,</span> 
     </span>
     <span class='ocr_line' id='line_1_41' title="bbox 306 4413 1446 4488; baseline 0 -18"><span class='ocrx_word' id='word_1_340' title='bbox 306 4435 355 4485; x_wconf 89' lang='lat' dir='ltr'><strong>pro</strong></span> <span class='ocrx_word' id='word_1_341' title='bbox 374 4433 429 4488; x_wconf 88' lang='lat' dir='ltr'><strong>quo</strong></span> <span class='ocrx_word' id='word_1_342' title='bbox 448 4415 579 4472; x_wconf 85' lang='lat' dir='ltr'><strong>librarius</strong></span> <span class='ocrx_word' id='word_1_343' title='bbox 602 4419 759 4484; x_wconf 82' lang='grc' dir='ltr'>ἐλεδέμνιον</span> <span class='ocrx_word' id='word_1_344' title='bbox 782 4415 921 4472; x_wconf 84' lang='lat' dir='ltr'><strong>invenerit</strong></span> <span class='ocrx_word' id='word_1_345' title='bbox 942 4417 972 4472; x_wconf 88' lang='lat' dir='ltr'><strong>et</strong></span> <span class='ocrx_word' id='word_1_346' title='bbox 994 4435 1025 4472; x_wconf 86' lang='grc' dir='ltr'><strong>πε</strong></span> <span class='ocrx_word' id='word_1_347' title='bbox 1043 4415 1164 4486; x_wconf 76' lang='lat' dir='ltr'><strong>margini</strong></span> <span class='ocrx_word' id='word_1_348' title='bbox 1182 4415 1336 4486; x_wconf 88' lang='lat' dir='ltr'><strong>ascriptum</strong></span> <span class='ocrx_word' id='word_1_349' title='bbox 1355 4413 1446 4470; x_wconf 85' lang='lat' dir='ltr'><strong>alieno</strong></span> 
     </span>
     <span class='ocr_line' id='line_1_42' title="bbox 304 4503 736 4580; baseline 0 -20"><span class='ocrx_word' id='word_1_350' title='bbox 304 4503 368 4560; x_wconf 88' lang='lat' dir='ltr'><strong>loco</strong></span> <span class='ocrx_word' id='word_1_351' title='bbox 386 4505 592 4577; x_wconf 86' lang='lat' dir='ltr'><strong>interposuerit.</strong></span> <span class='ocrx_word' id='word_1_352' title='bbox 629 4507 658 4562; x_wconf 87' lang='lat' dir='ltr'><strong>C.</strong></span> <span class='ocrx_word' id='word_1_353' title='bbox 677 4505 736 4580; x_wconf 87' lang='lat' dir='ltr'><strong>W.]</strong></span> 
     </span>
    </p>
   </div>
   <div class='ocr_carea' id='block_1_5' title="bbox 0 0 1680 5068">
    <p class='ocr_par' dir='ltr' id='par_1_7' title="bbox 0 0 1680 5068">
     <span class='ocr_line' id='line_1_43' title="bbox 0 0 1680 5068; baseline 0 0"><span class='ocrx_word' id='word_1_354' title='bbox 0 0 1680 5068; x_wconf 95' lang='lat' dir='ltr'><strong> </strong></span> 
     </span>
    </p>
   </div>
  </div>
 </body>
</html>
