3302 5076
587 420 823 472 nannrursonn
847 421 974 468 annau.
1284 401 1347 466 671

209 581 532 648 cannnnrrssrnvn,
555 584 593 629 ac
615 585 718 650 nuper
742 563 871 628 demum
895 561 1115 628 comissimum
1138 560 1248 626 inhia
1271 560 1351 644 ipsis

207 672 304 737 terris
331 693 408 738 rara
436 693 509 736 cnm
535 671 663 737 laetitia
690 671 814 756 experti
839 692 964 754 sumus,
992 685 1270 736 avavsmssmvn
1292 685 1351 732 un·

207 795 280 844 ean
298 781 445 844 nostrum
459 778 683 844 Faroanrcvn
698 776 920 842 vannnvn.
953 773 1052 840 Ouius
1075 796 1148 840 cum
1169 774 1347 860 singulares

207 885 344 951 virtutes
367 886 491 952 vanam
515 907 553 951 ac
575 884 789 968 multiplicem
813 882 1019 969 praedicandi
1043 880 1214 948 materiam
1233 902 1350 965 suppe-

208 992 321 1077 ditent,
343 991 601 1058 luculentissima
623 991 752 1077 quidem
770 990 892 1078 Regiae
911 989 1129 1074 praestantiae
1149 987 1350 1072 documenta,
1364 1008 1398 1048 1v

208 1098 325 1183 quibus
348 1098 436 1164 hunc
457 1097 566 1182 ipsum
589 1119 708 1162 annum
731 1096 824 1183 regni
847 1095 897 1162 sui
920 1094 1093 1180 praecipue
1112 1115 1181 1158 esse
1200 1098 1350 1161 ornatum

208 1204 329 1288 voluit,
360 1205 394 1269 in
422 1225 460 1269 eo
488 1223 605 1289 genere
633 1203 769 1286 enitent,
801 1203 836 1267 in
863 1223 927 1286 quo
955 1200 1125 1267 recolendo
1148 1222 1213 1267 non
1237 1199 1349 1266 dubito

209 1311 287 1397 quin
317 1310 416 1396 longe
447 1310 590 1375 maxima
619 1312 652 1375 et
683 1331 742 1374 sua
771 1314 805 1374 et
832 1312 942 1374 vestra
964 1308 1132 1391 voluptate
1160 1307 1237 1375 telis
1265 1313 1352 1374 esset

208 1421 319 1484 orator
346 1420 547 1500 versaturus,
580 1437 600 1480 a
628 1415 718 1482 ouius
746 1436 885 1500 persona
912 1413 995 1501 illud
1017 1413 1225 1498 potissimum
1249 1435 1350 1500 genus

209 1526 315 1590 minus
340 1545 438 1610 quam
461 1545 481 1587 a
504 1543 576 1587 mea
599 1522 741 1586 alienum
765 1512 858 1588 esset.
904 1519 1006 1597 Quem
1031 1520 1118 1586 enim
1141 1519 1241 1606 fugit,
1263 1521 1349 1588 lucu·

207 1631 424 1697 lentissimum
447 1629 572 1696 facinus
597 1651 669 1694 cum
693 1627 945 1714 dico,c0g1tare
969 1649 1019 1692 me
1043 1627 1081 1692 de
1105 1627 1279 1694 immutata
1302 1632 1352 1694 at·

207 1762 269 1823 que
298 1738 434 1806 oonsilio
458 1758 532 1802 vere
560 1737 651 1821 regio
680 1736 850 1802 emendata
871 1735 978 1802 forma
1001 1733 1228 1820 gubernandae
1252 1734 1350 1800 admi-

208 1845 457 1930 nistrandaeque
481 1843 636 1910 civitatis:
659 1844 749 1909 ouius
773 1865 846 1909 eum
869 1842 1007 1908 antehac
1031 1861 1108 1906 cura
1126 1863 1225 1925 penes
1244 1843 1351 1928 regios

213 1953 379 2019 ministros
398 1950 515 2016 luisset
533 1951 629 2034 solos,
647 1950 759 2015 eadem
778 1953 855 2033 post
872 1949 1059 2014 diuturnam
1077 1949 1351 2033 exspectationem

209 2080 281 2123 curn
309 2058 431 2141 populo
459 2079 516 2122 suo
545 2056 727 2122 liberaliter
754 2055 992 2121 communicata
1018 2054 1169 2140 publicae
1192 2055 1352 2122 consulta·

120 2247 123 2251 ι
209 2164 309 2229 tionis
333 2163 564 2249 popularisque
589 2161 831 2228 deliberationis
855 2166 968 2228 auctor
991 2161 1130 2246 exstitit,
1153 2184 1170 2228 e
1194 2184 1258 2246 qua
1281 2184 1351 2246 spe·

209 2291 281 2335 rara
309 2269 387 2335 licet
414 2269 485 2334 fore
513 2273 550 2334 ut
575 2291 642 2334 non
664 2268 698 2333 in
720 2289 827 2333 rerum
851 2267 1099 2334 Borussioarnm
1122 2271 1264 2351 tantum,
1296 2268 1353 2334 sed

210 2376 245 2440 in
267 2376 437 2441 universae
455 2373 649 2442 Germaniae
669 2374 808 2441 salutem
830 2374 927 2460 longe
951 2374 1204 2458 praeclarissimi
1227 2374 1352 2440 fructus

210 2481 400 2548 redundent.
432 2483 471 2548 In
493 2483 556 2548 hoc
575 2483 677 2568 igitur
695 2483 822 2566 genere,
844 2503 983 2568 quocum
1002 2481 1268 2548 coniunctissima
1286 2481 1353 2548 alia

210 2591 262 2654 est
288 2609 355 2654 non
378 2590 484 2655 minus
507 2589 641 2676 egregia
664 2587 846 2655 emendatio
868 2611 977 2655 rerum
1001 2588 1160 2674 civilium,
1186 2590 1352 2672 pertinens

210 2717 249 2760 ea
277 2694 318 2761 ad
346 2696 540 2763 indiciorum
567 2696 707 2762 formam
733 2695 829 2762 huius
857 2697 960 2781 ipsius
988 2697 1175 2782 provinciae
1206 2697 1353 2781 exemplo

210 2802 386 2870 instaurari
410 2808 567 2888 coeptam,
589 2803 686 2870 hodie
709 2805 840 2888 morari,
863 2804 925 2870 etsi
948 2804 1049 2889 gestit
1067 2803 1205 2887 animus,
1227 2803 1352 2869 duabus

210 2908 249 2974 de
278 2911 401 2976 caussis
427 2910 514 2976 nolo.
558 2909 704 2975 Primum
733 2909 817 2996 quod
841 2933 879 2976 ea
902 2910 990 2992 laus,
1023 2913 1135 2994 utpote
1160 2909 1253 2976 cuius
1272 2912 1354 2975 tam·

210 3036 307 3099 quam
334 3015 458 3082 radices
486 3015 527 3081 ab
556 3014 637 3082 D1v1
665 3015 849 3082 Famnnrm
874 3015 1049 3083 lennnnl
1072 3015 1123 3081 III
1146 3016 1283 3100 imperio
1306 3037 1352 3080 re·

211 3122 370 3205 petendae
394 3144 465 3188 esse
488 3123 685 3207 viderentur,
712 3128 782 3188 tam
808 3122 964 3188 facundae
992 3144 1095 3206 nuper
1118 3123 1275 3188 orationis
1299 3144 1354 3207 op·

210 3231 447 3312 portunitatem
476 3229 627 3313 praebuit
653 3251 727 3314 cum
749 3246 868 3295 unave
896 3229 984 3313 piam
1013 3229 1203 3296 memoriam
1226 3229 1354 3314 publice

211 3335 448 3419 recolebamus,
476 3338 512 3399 ut
535 3334 711 3400 verendum
734 3335 778 3400 sit
798 3335 957 3419 profecto,
984 3357 1025 3400 ne
1048 3334 1089 3400 ab
1115 3335 1193 3402 talis
1216 3336 1355 3402 oratoris

211 3439 381 3526 splendore
409 3439 512 3506 nimio
541 3440 712 3507 intervallo
742 3446 928 3508 nostrorum
956 3441 1158 3526 relinquatur
1181 3443 1354 3508 verborum

212 3546 364 3611 tenuitas.
405 3543 530 3612 Deinde
553 3550 662 3613 autem
685 3569 758 3614 uum
781 3570 801 3613 a
824 3569 897 3614 mea
919 3569 1059 3633 persona
1082 3549 1163 3615 illud
1186 3571 1355 3636 argumen-

212 3657 283 3718 tum
301 3673 371 3718 esse
390 3651 529 3718 alienius
548 3653 740 3739 significavi,
762 3654 825 3720 hoc
843 3655 962 3720 sentio:
986 3655 1074 3722 nolle
1093 3677 1155 3740 me,
1178 3655 1233 3740 qni
1253 3657 1355 3722 vitam

213 3758 430 3826 umbraticam
452 3758 570 3843 degam
592 3763 626 3824 et
649 3781 704 3826 eas
718 3759 828 3826 Musas
853 3761 967 3846 oolam,
990 3784 1071 3848 quae
1095 3761 1226 3848 lugiunt
1249 3762 1355 3828 forum

213 3869 247 3934 et
268 3866 400 3951 curiam,
423 3887 462 3930 ea
484 3869 676 3951 argumenta
698 3889 864 3951 occupare,
886 3889 968 3953 quae
991 3868 1058 3934 illis
1080 3869 1292 3954 relinquenda
1309 3869 1356 3934 vi·

213 3974 365 4058 deantur,
395 3972 450 4058 qni
473 3971 508 4037 in
531 3973 649 4039 litteris
672 3972 824 4040 habitant
846 3974 994 4058 proximo
1012 3997 1092 4042 cum
1114 3976 1187 4042 foro
1211 3980 1244 4041 et
1267 3976 1357 4042 ouria

215 4081 342 4147 vinculo
365 4078 560 4163 coniunctis,
583 4078 654 4165 lege
677 4083 786 4145 autem
810 4081 911 4146 creati
934 4079 1089 4148 Raetores
1112 4081 1208 4149 huius
1232 4083 1357 4148 univer·

214 4187 322 4252 sitatis
345 4190 422 4271 post
445 4207 497 4251 me
526 4184 565 4250 de
587 4185 650 4250 hoc
673 4190 828 4272 suggestu
852 4187 1001 4255 orabunt
1049 4186 1112 4254 Sed
1135 4209 1217 4273 quae
1240 4188 1280 4253 ad
1303 4189 1356 4254 lit·

213 4296 301 4358 teras
329 4293 496 4359 universas
525 4312 699 4376 earumque
727 4293 869 4358 rationes
897 4293 996 4359 latius
1026 4296 1176 4378 patentes
1205 4294 1358 4360 instituta

214 4398 324 4464 civilia
346 4403 504 4484 spectant,
528 4419 638 4464 eorum
662 4397 790 4482 quidem
815 4399 1089 4465 existimationem
1113 4402 1210 4484 atque
1233 4399 1356 4486 discep-

214 4506 373 4574 tationem
402 4528 474 4573 cum
502 4527 567 4574 non
592 4526 744 4589 superare
768 4526 876 4571 meum
903 4511 1034 4592 captum
1057 4510 1189 4594 putare,
1215 4528 1280 4573 non
1305 4530 1355 4574 ve·
