3338 5072
779 1295 833 1376 X·
938 1299 948 1322 r

591 1465 1011 1534 PROLEGOMENA

630 1609 690 1676 Da
714 1607 981 1676 RATIOMBVS

358 1750 511 1806 caroius
536 1749 790 1806 eurrmnrrcrs
814 1748 1055 1805 raosoorncrs
1079 1747 1251 1803 narerors

471 1875 810 1944 EMENDATIONIS
833 1873 1135 1961 PLAVTINAE.*)

323 2181 535 2263 [Ritschelius
558 2184 670 2246 noster
693 2181 721 2245 si
745 2182 780 2245 in
800 2180 882 2246 vivis
902 2184 988 2246 esset
1006 2179 1149 2244 dubitari
1167 2178 1281 2264 nequit
1300 2178 1376 2263 quin

233 2287 467 2374 Prolegomena
496 2288 531 2353 in
553 2287 706 2354 Plautum
736 2311 795 2353 sua
824 2288 936 2352 iterari
966 2288 1001 2352 in
1025 2285 1196 2372 Opuscdlis
1226 2285 1378 2369 noluerit,

234 2395 352 2480 quippe
377 2417 458 2481 quae
481 2416 547 2460 non
571 2399 639 2460 tam
663 2399 841 2461 retractare
866 2417 962 2480 quam
985 2417 1070 2460 nova
1093 2413 1193 2478 eaque
1216 2392 1378 2476 pressiora

231 2501 325 2566 edere
349 2501 469 2567 dudum
491 2503 526 2566 in
549 2502 659 2567 animo
681 2501 824 2567 baberet.
856 2501 949 2579 Quod
973 2499 1143 2567 consilium
1166 2503 1204 2565 ut
1227 2520 1378 2583 exseque-

237 2610 326 2672 retur
353 2629 427 2672 cum
454 2628 514 2671 nec
542 2607 604 2690 ipsi
633 2629 691 2672 nec
714 2607 809 2672 nobis
833 2607 1022 2692 contigerit,
1050 2607 1117 2670 iam
1139 2628 1206 2671 non
1229 2609 1300 2670 erat
1322 2627 1379 2671 cur

233 2737 344 2781 rarum
372 2713 638 2800 praeclarumque
666 2714 789 2799 ingenii
817 2714 1046 2779 documentum
1075 2735 1095 2777 a
1124 2717 1305 2779 ceterorum
1328 2734 1378 2778 so·

233 2823 351 2888 cietate
375 2821 606 2906 seiungeretur.
652 2819 682 2884 N
686 2843 737 2886 am
766 2823 879 2906 quanti
908 2823 1093 2886 etiamnunc
1121 2821 1313 2886 aestimetur
1340 2819 1379 2883 li·

232 2929 338 2996 bellus
366 2950 441 2994 vere
470 2951 587 2994 eureus
615 2951 688 2993 cum
717 2949 755 2992 ex
782 2927 900 2993 horum
930 2928 1110 2993 studiorum
1138 2927 1263 2992 ratione
1286 2930 1380 3011 patet

234 3041 304 3102 tum
336 3035 411 3100 inde
444 3035 560 3121 elucet,
592 3034 677 3120 quod
709 3056 814 3119 pauca
842 3055 924 3119 quae
954 3037 1107 3118 prostant
1135 3031 1331 3118 exemplaria
1360 3055 1380 3097 a

233 3143 391 3210 Calvariis
421 3143 543 3208 nostris
573 3141 675 3207 nimio
705 3146 848 3206 veneunt
875 3142 989 3225 pretio.
1036 3139 1142 3216 Quare
1172 3161 1290 3205 novam
1315 3139 1378 3204 edi-

233 3251 354 3316 tionem
378 3251 426 3315 ita
448 3250 690 3334 adornavimus,
718 3251 755 3314 ut
777 3270 889 3313 eorum
910 3248 1070 3312 rationem
1093 3246 1286 3312 haberemus
1310 3247 1380 3332 qui·
1412 3298 1425 3320 .

233 3358 296 3422 bus
318 3357 516 3422 Ritschelius
545 3357 674 3422 easdem
698 3359 812 3441 postea
835 3355 1040 3441 quaestiones
1063 3356 1237 3420 tractabat.
1278 3353 1380 3418 Vltra

233 3463 405 3548 procedere
433 3487 474 3531 ne
497 3465 544 3529 eis
568 3464 696 3550 quidem
720 3464 802 3528 locis
826 3462 932 3546 licuit,
960 3462 998 3527 de
1027 3463 1144 3548 quibus
1168 3461 1379 3528 Ritscbelium

233 3592 299 3636 non
313 3571 404 3636 nulla
418 3571 648 3638 adnotatumm
663 3571 763 3637 fuisse
781 3593 841 3655 pro
860 3573 949 3635 certo
968 3570 1125 3636 affirmari
1144 3574 1264 3656 posset.
1294 3567 1325 3636 N
1328 3591 1380 3634 am

234 3677 355 3742 talibus
379 3678 434 3762 qui
458 3678 571 3744 modus
596 3683 665 3743 erat
684 3676 974 3742 adnotationibus?
998 3673 1211 3762 Nequaquam
1234 3676 1267 3742 id
1291 3697 1380 3759 spec-

233 3784 297 3848 tari
332 3787 476 3868 poteret,
511 3789 549 3849 ut
579 3784 807 3869 colligerentur
837 3805 918 3869 quae
950 3783 1016 3848 iam
1045 3784 1085 3848 de
1113 3785 1165 3850 his
1192 3783 1291 3848 rebus
1323 3804 1381 3866 per

234 3891 411 3956 multorum
434 3890 602 3956 hominum
626 3912 720 3956 curas
744 3891 910 3974 disputata
934 3895 1056 3956 essent:
1080 3891 1181 3957 immo
1204 3912 1288 3956 unus
1311 3889 1379 3953 Rit

235 3997 374 4062 schelius
403 3997 480 4083 quid
508 3998 647 4062 senserit
674 4019 712 4062 ac
740 3995 1001 4080 pronuntiaverit
1028 3995 1278 4082 significandum
1302 3999 1381 4058 erat.

233 4103 279 4169 Et
306 4104 451 4189 profecto
479 4108 574 4170 tanta
601 4105 670 4168 eius
698 4108 748 4168 est
776 4104 953 4169 auctoritas
982 4103 1015 4168 in
1044 4101 1121 4166 crisi
1143 4101 1312 4185 Plautina,
1345 4105 1382 4166 ut

235 4267 448 4278 -—-.—--

323 4351 349 4422 *)
368 4349 417 4424 [Τ.
441 4347 556 4405 MACCI
578 4348 715 4404 PLAV'I'I
739 4347 952 4405 concubina
971 4364 1004 4404 ex
1022 4347 1184 4406 recensione
1203 4349 1232 4403 et
1250 4365 1313 4403 eum
1332 4365 1379 4420 ap·

234 4441 336 4510 paratu
355 4439 452 4496 critico
475 4438 609 4495 Friderici
629 4437 785 4493 Ritschelii.
823 4439 927 4494 Tomus
946 4439 966 4492 1.
1003 4436 1131 4508 Bonnee,
1157 4437 1190 4492 Η.
1210 4437 1240 4492 Β.
1262 4437 1380 4510 Koenig.

235 4543 260 4585 a
280 4527 519 4584 nnoooxnvln
537 4546 564 4598 p.
584 4526 852 4600 vll-ecorum
