<?xml version="1.0" encoding="UTF-8"?>
<!DOCTYPE html PUBLIC "-//W3C//DTD XHTML 1.0 Transitional//EN"
    "http://www.w3.org/TR/xhtml1/DTD/xhtml1-transitional.dtd">
<html xmlns="http://www.w3.org/1999/xhtml" xml:lang="en" lang="en">
 <head>
  <title>
</title>
<meta http-equiv="Content-Type" content="text/html;charset=utf-8" />
  <meta name='ocr-system' content='tesseract 3.04.00' />
  <meta name='ocr-capabilities' content='ocr_page ocr_carea ocr_par ocr_line ocrx_word'/>
</head>
<body>
  <div class='ocr_page' id='page_1' title='image "./fridericiritsch07wachgoog_0442.png"; bbox 0 0 3332 5074; ppageno 0'>
   <div class='ocr_carea' id='block_1_1' title="bbox 521 399 1366 464">
    <p class='ocr_par' dir='ltr' id='par_1_1' title="bbox 521 399 1366 464">
     <span class='ocr_line' id='line_1_1' title="bbox 521 399 1366 464; baseline -0.001 -1"><span class='ocrx_word' id='word_1_1' title='bbox 521 416 786 464; x_wconf 75' lang='lat' dir='ltr'>sunsnsrioms</span> <span class='ocrx_word' id='word_1_2' title='bbox 810 415 1021 464; x_wconf 74' lang='lat' dir='ltr'>snavumes.</span> <span class='ocrx_word' id='word_1_3' title='bbox 1279 399 1366 463; x_wconf 78' lang='lat'>425.</span> 
     </span>
    </p>
   </div>
   <div class='ocr_carea' id='block_1_2' title="bbox 291 557 1344 750">
    <p class='ocr_par' dir='ltr' id='par_1_2' title="bbox 291 557 1344 750">
     <span class='ocr_line' id='line_1_2' title="bbox 291 557 1344 644; baseline -0.003 -19"><span class='ocrx_word' id='word_1_4' title='bbox 291 559 383 636; x_wconf 79' lang='lat' dir='ltr'>Quod</span> <span class='ocrx_word' id='word_1_5' title='bbox 406 559 472 625; x_wconf 86' lang='lat' dir='ltr'>tibi</span> <span class='ocrx_word' id='word_1_6' title='bbox 495 559 586 644; x_wconf 79' lang='lat' dir='ltr'>lubet,</span> <span class='ocrx_word' id='word_1_7' title='bbox 613 559 645 624; x_wconf 94' lang='lat' dir='ltr'>id</span> <span class='ocrx_word' id='word_1_8' title='bbox 674 558 718 624; x_wconf 91' lang='lat' dir='ltr'>mi</span> <span class='ocrx_word' id='word_1_9' title='bbox 746 557 879 644; x_wconf 90' lang='lat' dir='ltr'>impera.</span> <span class='ocrx_word' id='word_1_10' title='bbox 925 559 1036 644; x_wconf 82' lang='lat' dir='ltr'>&#39;Pange</span> <span class='ocrx_word' id='word_1_11' title='bbox 1061 560 1150 624; x_wconf 75' lang='lat' dir='ltr'>airam</span> <span class='ocrx_word' id='word_1_12' title='bbox 1172 558 1258 624; x_wconf 84' lang='lat' dir='ltr'>hanc</span> <span class='ocrx_word' id='word_1_13' title='bbox 1280 557 1344 623; x_wconf 90' lang='lat' dir='ltr'>Ve-</span> 
     </span>
     <span class='ocr_line' id='line_1_3' title="bbox 944 665 1199 750; baseline -0.004 -20"><span class='ocrx_word' id='word_1_14' title='bbox 944 667 1039 732; x_wconf 90' lang='lat' dir='ltr'>neris.</span> <span class='ocrx_word' id='word_1_15' title='bbox 1075 665 1199 750; x_wconf 73' lang='lat' dir='ltr'>Tango.</span> 
     </span>
    </p>
   </div>
   <div class='ocr_carea' id='block_1_3' title="bbox 201 806 1345 984">
    <p class='ocr_par' dir='ltr' id='par_1_3' title="bbox 201 806 1345 984">
     <span class='ocr_line' id='line_1_4' title="bbox 201 806 1345 894; baseline -0.005 -17"><span class='ocrx_word' id='word_1_16' title='bbox 201 812 306 889; x_wconf 83' lang='lat' dir='ltr'>Quare</span> <span class='ocrx_word' id='word_1_17' title='bbox 330 834 350 876; x_wconf 90' lang='lat' dir='ltr'>a</span> <span class='ocrx_word' id='word_1_18' title='bbox 373 814 478 875; x_wconf 88' lang='lat' dir='ltr'>metro</span> <span class='ocrx_word' id='word_1_19' title='bbox 501 809 632 894; x_wconf 88' lang='lat' dir='ltr'>quidem</span> <span class='ocrx_word' id='word_1_20' title='bbox 656 831 715 874; x_wconf 88' lang='lat' dir='ltr'>nec</span> <span class='ocrx_word' id='word_1_21' title='bbox 733 809 933 876; x_wconf 89' lang='lat' dir='ltr'>Bacchidum</span> <span class='ocrx_word' id='word_1_22' title='bbox 957 810 1064 874; x_wconf 86' lang='lat' dir='ltr'>versui</span> <span class='ocrx_word' id='word_1_23' title='bbox 1082 806 1124 892; x_wconf 89' lang='lat'>11,</span> <span class='ocrx_word' id='word_1_24' title='bbox 1143 807 1173 891; x_wconf 79' lang='lat'>2,</span> <span class='ocrx_word' id='word_1_25' title='bbox 1192 806 1232 872; x_wconf 80' lang='lat'>51</span> <span class='ocrx_word' id='word_1_26' title='bbox 1254 807 1345 872; x_wconf 89' lang='lat' dir='ltr'>litem</span> 
     </span>
     <span class='ocr_line' id='line_1_5' title="bbox 201 940 371 984; baseline -0.006 -1"><span class='ocrx_word' id='word_1_27' title='bbox 201 940 371 984; x_wconf 74' lang='lat' dir='ltr'>moverim:</span> 
     </span>
    </p>
   </div>
   <div class='ocr_carea' id='block_1_4' title="bbox 290 1059 1110 1146">
    <p class='ocr_par' dir='ltr' id='par_1_4' title="bbox 290 1059 1110 1146">
     <span class='ocr_line' id='line_1_6' title="bbox 290 1059 1110 1146; baseline -0.004 -20"><span class='ocrx_word' id='word_1_28' title='bbox 290 1059 468 1146; x_wconf 79' lang='lat' dir='ltr'>Negotium</span> <span class='ocrx_word' id='word_1_29' title='bbox 491 1059 531 1124; x_wconf 90' lang='lat' dir='ltr'>ad</span> <span class='ocrx_word' id='word_1_30' title='bbox 555 1082 606 1124; x_wconf 90' lang='lat' dir='ltr'>me</span> <span class='ocrx_word' id='word_1_31' title='bbox 629 1059 691 1124; x_wconf 92' lang='lat' dir='ltr'>hoc</span> <span class='ocrx_word' id='word_1_32' title='bbox 715 1059 830 1124; x_wconf 79' lang='lat' dir='ltr'>attinet</span> <span class='ocrx_word' id='word_1_33' title='bbox 852 1059 1030 1124; x_wconf 77' lang='lat' dir='ltr'>aurdrium:</span> <span class='ocrx_word' id='word_1_34' title='bbox 1108 1063 1110 1070; x_wconf 82' lang='grc'><em>’</em></span> 
     </span>
    </p>
   </div>
   <div class='ocr_carea' id='block_1_5' title="bbox 201 1202 1265 1284">
    <p class='ocr_par' dir='ltr' id='par_1_5' title="bbox 201 1202 1265 1284">
     <span class='ocr_line' id='line_1_7' title="bbox 201 1202 1265 1284; baseline -0.003 -15"><span class='ocrx_word' id='word_1_35' title='bbox 201 1202 383 1270; x_wconf 86' lang='lat' dir='ltr'>Trinummi</span> <span class='ocrx_word' id='word_1_36' title='bbox 407 1206 515 1268; x_wconf 88' lang='lat' dir='ltr'>autem</span> <span class='ocrx_word' id='word_1_37' title='bbox 539 1224 567 1269; x_wconf 82' lang='lat' dir='ltr'>v.</span> <span class='ocrx_word' id='word_1_38' title='bbox 591 1203 657 1267; x_wconf 88' lang='lat'>330</span> <span class='ocrx_word' id='word_1_39' title='bbox 681 1224 792 1268; x_wconf 85' lang='lat' dir='ltr'>verum</span> <span class='ocrx_word' id='word_1_40' title='bbox 815 1224 884 1267; x_wconf 92' lang='lat' dir='ltr'>esse</span> <span class='ocrx_word' id='word_1_41' title='bbox 907 1202 1051 1267; x_wconf 88' lang='lat' dir='ltr'>iambum</span> <span class='ocrx_word' id='word_1_42' title='bbox 1074 1207 1136 1284; x_wconf 79' lang='lat' dir='ltr'>epol</span> <span class='ocrx_word' id='word_1_43' title='bbox 1159 1203 1265 1267; x_wconf 88' lang='lat' dir='ltr'>credo:</span> 
     </span>
    </p>
   </div>
   <div class='ocr_carea' id='block_1_6' title="bbox 292 1342 1345 1534">
    <p class='ocr_par' dir='ltr' id='par_1_6' title="bbox 292 1342 1345 1534">
     <span class='ocr_line' id='line_1_8' title="bbox 292 1342 1345 1431; baseline -0.002 -21"><span class='ocrx_word' id='word_1_44' title='bbox 292 1344 376 1421; x_wconf 71' lang='lat' dir='ltr'>Quid</span> <span class='ocrx_word' id='word_1_45' title='bbox 400 1344 450 1409; x_wconf 81' lang='lat' dir='ltr'>is?</span> <span class='ocrx_word' id='word_1_46' title='bbox 474 1344 610 1431; x_wconf 81' lang='lat' dir='ltr'>egetne‘?</span> <span class='ocrx_word' id='word_1_47' title='bbox 651 1345 737 1428; x_wconf 76' lang='lat' dir='ltr'>Epe&#39;t.</span> <span class='ocrx_word' id='word_1_48' title='bbox 778 1343 945 1410; x_wconf 89' lang='lat' dir='ltr'>Habuitne</span> <span class='ocrx_word' id='word_1_49' title='bbox 968 1345 1058 1409; x_wconf 79' lang='lat' dir='ltr'>rem?</span> <span class='ocrx_word' id='word_1_50' title='bbox 1102 1342 1236 1409; x_wconf 73' lang='lat' dir='ltr'>Habuit.</span> <span class='ocrx_word' id='word_1_51' title='bbox 1283 1343 1345 1420; x_wconf 86' lang='lat' dir='ltr'>Qui</span> 
     </span>
     <span class='ocr_line' id='line_1_9' title="bbox 946 1450 1202 1534; baseline 0.004 -19"><span class='ocrx_word' id='word_1_52' title='bbox 946 1473 1016 1516; x_wconf 88' lang='lat' dir='ltr'>eam</span> <span class='ocrx_word' id='word_1_53' title='bbox 1040 1450 1202 1534; x_wconf 83' lang='lat' dir='ltr'>pe&#39;rdidit?</span> 
     </span>
    </p>
   </div>
   <div class='ocr_carea' id='block_1_7' title="bbox 202 1593 1344 1768">
    <p class='ocr_par' dir='ltr' id='par_1_7' title="bbox 202 1593 1344 1768">
     <span class='ocr_line' id='line_1_10' title="bbox 202 1593 1344 1681; baseline -0.003 -21"><span class='ocrx_word' id='word_1_54' title='bbox 202 1595 291 1672; x_wconf 82' lang='lat' dir='ltr'>Quae</span> <span class='ocrx_word' id='word_1_55' title='bbox 314 1595 341 1660; x_wconf 90' lang='lat' dir='ltr'>si</span> <span class='ocrx_word' id='word_1_56' title='bbox 364 1595 629 1681; x_wconf 74' lang='lat' dir='ltr'>probabilitatem</span> <span class='ocrx_word' id='word_1_57' title='bbox 653 1595 789 1678; x_wconf 86' lang='lat' dir='ltr'>habent,</span> <span class='ocrx_word' id='word_1_58' title='bbox 816 1595 912 1659; x_wconf 90' lang='lat' dir='ltr'>simul</span> <span class='ocrx_word' id='word_1_59' title='bbox 936 1593 1137 1679; x_wconf 79' lang='lat' dir='ltr'>intellegitur</span> <span class='ocrx_word' id='word_1_60' title='bbox 1164 1615 1231 1659; x_wconf 90' lang='lat' dir='ltr'>non</span> <span class='ocrx_word' id='word_1_61' title='bbox 1258 1594 1344 1659; x_wconf 91' lang='lat' dir='ltr'>solli-</span> 
     </span>
     <span class='ocr_line' id='line_1_11' title="bbox 203 1701 702 1768; baseline -0.004 -1"><span class='ocrx_word' id='word_1_62' title='bbox 203 1703 366 1768; x_wconf 85' lang='lat' dir='ltr'>citandum</span> <span class='ocrx_word' id='word_1_63' title='bbox 390 1701 489 1767; x_wconf 89' lang='lat' dir='ltr'>fuisse</span> <span class='ocrx_word' id='word_1_64' title='bbox 512 1701 600 1767; x_wconf 83' lang='lat' dir='ltr'>Trin.</span> <span class='ocrx_word' id='word_1_65' title='bbox 623 1703 702 1766; x_wconf 79' lang='lat'><strong>206:</strong></span> 
     </span>
    </p>
   </div>
   <div class='ocr_carea' id='block_1_8' title="bbox 291 1842 1493 1929">
    <p class='ocr_par' dir='ltr' id='par_1_8' title="bbox 291 1842 1493 1929">
     <span class='ocr_line' id='line_1_12' title="bbox 291 1842 1493 1929; baseline -0.003 -21"><span class='ocrx_word' id='word_1_66' title='bbox 291 1843 381 1920; x_wconf 88' lang='lat' dir='ltr'>Quod</span> <span class='ocrx_word' id='word_1_67' title='bbox 405 1842 541 1928; x_wconf 88' lang='lat' dir='ltr'>quisque</span> <span class='ocrx_word' id='word_1_68' title='bbox 563 1843 597 1908; x_wconf 90' lang='lat' dir='ltr'>in</span> <span class='ocrx_word' id='word_1_69' title='bbox 620 1844 727 1910; x_wconf 89' lang='lat' dir='ltr'>animo</span> <span class='ocrx_word' id='word_1_70' title='bbox 750 1844 846 1909; x_wconf 76' lang='lat' dir='ltr'>habet</span> <span class='ocrx_word' id='word_1_71' title='bbox 867 1849 924 1909; x_wconf 89' lang='lat' dir='ltr'>aut</span> <span class='ocrx_word' id='word_1_72' title='bbox 945 1843 1141 1929; x_wconf 79' lang='lat' dir='ltr'>habiturust,</span> <span class='ocrx_word' id='word_1_73' title='bbox 1165 1845 1283 1910; x_wconf 90' lang='lat' dir='ltr'>sciunt:</span> <span class='ocrx_word' id='word_1_74' title='bbox 1361 1865 1493 1906; x_wconf 74' lang='lat' dir='ltr'>ccxxxv</span> 
     </span>
    </p>
   </div>
   <div class='ocr_carea' id='block_1_9' title="bbox 202 1986 1347 2606">
    <p class='ocr_par' dir='ltr' id='par_1_9' title="bbox 202 1986 1347 2606">
     <span class='ocr_line' id='line_1_13' title="bbox 204 1986 1346 2072; baseline 0.001 -21"><span class='ocrx_word' id='word_1_75' title='bbox 204 1987 256 2051; x_wconf 90' lang='lat' dir='ltr'>cui</span> <span class='ocrx_word' id='word_1_76' title='bbox 274 1986 382 2052; x_wconf 88' lang='lat' dir='ltr'>versui</span> <span class='ocrx_word' id='word_1_77' title='bbox 401 2007 464 2070; x_wconf 89' lang='lat' dir='ltr'>quo</span> <span class='ocrx_word' id='word_1_78' title='bbox 483 1989 629 2069; x_wconf 89' lang='lat' dir='ltr'>tempore</span> <span class='ocrx_word' id='word_1_79' title='bbox 647 1986 769 2052; x_wconf 85' lang='lat' dir='ltr'>inserto</span> <span class='ocrx_word' id='word_1_80' title='bbox 788 1991 844 2052; x_wconf 78' lang='lat' dir='ltr'>ool</span> <span class='ocrx_word' id='word_1_81' title='bbox 866 1987 1114 2052; x_wconf 86' lang='lat' dir='ltr'>succurrendum</span> <span class='ocrx_word' id='word_1_82' title='bbox 1132 1987 1256 2072; x_wconf 87' lang='lat' dir='ltr'>putavi,</span> <span class='ocrx_word' id='word_1_83' title='bbox 1279 2009 1346 2052; x_wconf 90' lang='lat' dir='ltr'>om·</span> 
     </span>
     <span class='ocr_line' id='line_1_14' title="bbox 202 2091 1346 2180; baseline 0 -23"><span class='ocrx_word' id='word_1_84' title='bbox 202 2115 276 2157; x_wconf 91' lang='lat' dir='ltr'>nem</span> <span class='ocrx_word' id='word_1_85' title='bbox 299 2093 405 2178; x_wconf 80' lang='lat' dir='ltr'>legem</span> <span class='ocrx_word' id='word_1_86' title='bbox 429 2093 520 2158; x_wconf 86' lang='lat' dir='ltr'>illam</span> <span class='ocrx_word' id='word_1_87' title='bbox 543 2094 688 2158; x_wconf 89' lang='lat' dir='ltr'>nondum</span> <span class='ocrx_word' id='word_1_88' title='bbox 706 2091 1026 2180; x_wconf 79' lang='lat' dir='ltr'>investigaveram.*)</span> <span class='ocrx_word' id='word_1_89' title='bbox 1059 2093 1217 2159; x_wconf 73' lang='lat' dir='ltr'><strong>Dubitare</strong></span> <span class='ocrx_word' id='word_1_90' title='bbox 1236 2097 1346 2158; x_wconf 85' lang='lat' dir='ltr'>tamen</span> 
     </span>
     <span class='ocr_line' id='line_1_15' title="bbox 202 2199 1347 2285; baseline 0.001 -22"><span class='ocrx_word' id='word_1_91' title='bbox 202 2223 298 2284; x_wconf 87' lang='lat' dir='ltr'>quam</span> <span class='ocrx_word' id='word_1_92' title='bbox 322 2199 491 2284; x_wconf 87' lang='lat' dir='ltr'>quicquam</span> <span class='ocrx_word' id='word_1_93' title='bbox 516 2200 730 2266; x_wconf 90' lang='lat' dir='ltr'>confidentius</span> <span class='ocrx_word' id='word_1_94' title='bbox 749 2199 911 2264; x_wconf 81' lang='lat' dir='ltr'>affirmare</span> <span class='ocrx_word' id='word_1_95' title='bbox 929 2200 969 2264; x_wconf 87' lang='lat' dir='ltr'>dc</span> <span class='ocrx_word' id='word_1_96' title='bbox 987 2201 1143 2285; x_wconf 89' lang='lat' dir='ltr'>producta</span> <span class='ocrx_word' id='word_1_97' title='bbox 1165 2202 1220 2265; x_wconf 82' lang='lat' dir='ltr'>dat</span> <span class='ocrx_word' id='word_1_98' title='bbox 1241 2201 1347 2266; x_wconf 86' lang='lat' dir='ltr'>forma</span> 
     </span>
     <span class='ocr_line' id='line_1_16' title="bbox 203 2306 1345 2390; baseline 0.001 -20"><span class='ocrx_word' id='word_1_99' title='bbox 203 2306 396 2389; x_wconf 78' lang='lat' dir='ltr'><strong>praestabit:</strong></span> <span class='ocrx_word' id='word_1_100' title='bbox 430 2307 521 2372; x_wconf 89' lang='lat' dir='ltr'>cuius</span> <span class='ocrx_word' id='word_1_101' title='bbox 550 2308 612 2372; x_wconf 87' lang='lat' dir='ltr'>etsi</span> <span class='ocrx_word' id='word_1_102' title='bbox 640 2329 740 2372; x_wconf 89' lang='lat' dir='ltr'>unum</span> <span class='ocrx_word' id='word_1_103' title='bbox 770 2307 950 2390; x_wconf 84' lang='lat' dir='ltr'>exemplum</span> <span class='ocrx_word' id='word_1_104' title='bbox 978 2307 1054 2372; x_wconf 90' lang='lat' dir='ltr'>libri</span> <span class='ocrx_word' id='word_1_105' title='bbox 1083 2307 1164 2372; x_wconf 84' lang='lat' dir='ltr'>Rud.</span> <span class='ocrx_word' id='word_1_106' title='bbox 1187 2307 1244 2390; x_wconf 87' lang='lat' dir='ltr'>IV,</span> <span class='ocrx_word' id='word_1_107' title='bbox 1270 2309 1302 2390; x_wconf 88' lang='lat'>1,</span> <span class='ocrx_word' id='word_1_108' title='bbox 1325 2308 1345 2371; x_wconf 81' lang='lat'>9</span> 
     </span>
     <span class='ocr_line' id='line_1_17' title="bbox 203 2412 1346 2499; baseline 0.001 -23"><span class='ocrx_word' id='word_1_109' title='bbox 203 2412 369 2496; x_wconf 82' lang='lat' dir='ltr'>praebent,</span> <span class='ocrx_word' id='word_1_110' title='bbox 392 2413 430 2477; x_wconf 91' lang='lat' dir='ltr'>de</span> <span class='ocrx_word' id='word_1_111' title='bbox 453 2436 516 2497; x_wconf 91' lang='lat' dir='ltr'>quo</span> <span class='ocrx_word' id='word_1_112' title='bbox 540 2413 574 2477; x_wconf 95' lang='lat' dir='ltr'>in</span> <span class='ocrx_word' id='word_1_113' title='bbox 597 2412 748 2499; x_wconf 80' lang='lat' dir='ltr'>Parergis</span> <span class='ocrx_word' id='word_1_114' title='bbox 772 2413 894 2477; x_wconf 87' lang='lat' dir='ltr'>dictum</span> <span class='ocrx_word' id='word_1_115' title='bbox 917 2436 948 2496; x_wconf 92' lang='lat' dir='ltr'>p.</span> <span class='ocrx_word' id='word_1_116' title='bbox 971 2415 1045 2498; x_wconf 80' lang='lat'><strong>430,</strong></span> <span class='ocrx_word' id='word_1_117' title='bbox 1069 2413 1215 2495; x_wconf 85' lang='lat' dir='ltr'>altorum,</span> <span class='ocrx_word' id='word_1_118' title='bbox 1239 2414 1294 2479; x_wconf 88' lang='lat' dir='ltr'>sed</span> <span class='ocrx_word' id='word_1_119' title='bbox 1314 2414 1346 2478; x_wconf 94' lang='lat' dir='ltr'>id</span> 
     </span>
     <span class='ocr_line' id='line_1_18' title="bbox 206 2519 1346 2606; baseline 0.001 -23"><span class='ocrx_word' id='word_1_120' title='bbox 206 2541 272 2584; x_wconf 91' lang='lat' dir='ltr'>non</span> <span class='ocrx_word' id='word_1_121' title='bbox 294 2541 359 2585; x_wconf 92' lang='lat' dir='ltr'>uno</span> <span class='ocrx_word' id='word_1_122' title='bbox 382 2519 512 2584; x_wconf 89' lang='lat' dir='ltr'>nomine</span> <span class='ocrx_word' id='word_1_123' title='bbox 536 2520 736 2605; x_wconf 81' lang='lat' dir='ltr'>ambiguum,</span> <span class='ocrx_word' id='word_1_124' title='bbox 759 2519 923 2604; x_wconf 87' lang='lat' dir='ltr'>prolatum</span> <span class='ocrx_word' id='word_1_125' title='bbox 947 2524 997 2584; x_wconf 92' lang='lat' dir='ltr'>est</span> <span class='ocrx_word' id='word_1_126' title='bbox 1020 2542 1037 2583; x_wconf 89' lang='lat' dir='ltr'>e</span> <span class='ocrx_word' id='word_1_127' title='bbox 1061 2519 1157 2584; x_wconf 89' lang='lat' dir='ltr'>Most.</span> <span class='ocrx_word' id='word_1_128' title='bbox 1171 2519 1230 2605; x_wconf 77' lang='grc' dir='ltr'>ΠΙ,</span> <span class='ocrx_word' id='word_1_129' title='bbox 1247 2522 1274 2606; x_wconf 89' lang='lat'>1,</span> <span class='ocrx_word' id='word_1_130' title='bbox 1290 2521 1346 2584; x_wconf 77' lang='lat'>72:</span> 
     </span>
    </p>
   </div>
   <div class='ocr_carea' id='block_1_10' title="bbox 290 2659 1126 2748">
    <p class='ocr_par' dir='ltr' id='par_1_10' title="bbox 290 2659 1126 2748">
     <span class='ocr_line' id='line_1_19' title="bbox 290 2659 1126 2748; baseline 0 -22"><span class='ocrx_word' id='word_1_131' title='bbox 290 2659 448 2727; x_wconf 72' lang='lat' dir='ltr'>Molestus</span> <span class='ocrx_word' id='word_1_132' title='bbox 472 2677 513 2727; x_wconf 82' lang='lat' dir='ltr'>ne</span> <span class='ocrx_word' id='word_1_133' title='bbox 536 2661 595 2726; x_wconf 85' lang='lat' dir='ltr'>sis:</span> <span class='ocrx_word' id='word_1_134' title='bbox 620 2663 713 2728; x_wconf 84' lang='lat' dir='ltr'>ne&#39;mo</span> <span class='ocrx_word' id='word_1_135' title='bbox 738 2662 806 2726; x_wconf 88' lang='lat' dir='ltr'>dat:</span> <span class='ocrx_word' id='word_1_136' title='bbox 830 2683 890 2748; x_wconf 83' lang='lat' dir='ltr'>ege</span> <span class='ocrx_word' id='word_1_137' title='bbox 913 2663 999 2747; x_wconf 84' lang='lat' dir='ltr'>qudd</span> <span class='ocrx_word' id='word_1_138' title='bbox 1023 2663 1126 2729; x_wconf 88' lang='lat' dir='ltr'>lubet:</span> 
     </span>
    </p>
   </div>
   <div class='ocr_carea' id='block_1_11' title="bbox 201 2803 1354 3956">
    <p class='ocr_par' dir='ltr' id='par_1_11' title="bbox 201 2803 1354 3956">
     <span class='ocr_line' id='line_1_20' title="bbox 203 2803 1346 2889; baseline -0.001 -20"><span class='ocrx_word' id='word_1_139' title='bbox 203 2808 311 2870; x_wconf 87' lang='lat' dir='ltr'>temen</span> <span class='ocrx_word' id='word_1_140' title='bbox 336 2804 442 2871; x_wconf 77' lang='lat' dir='ltr'>brevis</span> <span class='ocrx_word' id='word_1_141' title='bbox 466 2805 500 2868; x_wconf 90' lang='lat' dir='ltr'>in</span> <span class='ocrx_word' id='word_1_142' title='bbox 523 2805 597 2868; x_wconf 83' lang='lat' dir='ltr'>dore</span> <span class='ocrx_word' id='word_1_143' title='bbox 618 2806 729 2868; x_wconf 82' lang='lat' dir='ltr'>domus</span> <span class='ocrx_word' id='word_1_144' title='bbox 751 2805 833 2869; x_wconf 77' lang='lat' dir='ltr'>dalis</span> <span class='ocrx_word' id='word_1_145' title='bbox 856 2803 977 2870; x_wconf 87' lang='lat' dir='ltr'>vocalis</span> <span class='ocrx_word' id='word_1_146' title='bbox 1000 2804 1079 2869; x_wconf 83' lang='lat' dir='ltr'>facit</span> <span class='ocrx_word' id='word_1_147' title='bbox 1102 2809 1139 2869; x_wconf 95' lang='lat' dir='ltr'>ut</span> <span class='ocrx_word' id='word_1_148' title='bbox 1162 2809 1213 2869; x_wconf 90' lang='lat' dir='ltr'>sat</span> <span class='ocrx_word' id='word_1_149' title='bbox 1236 2804 1346 2889; x_wconf 83' lang='lat' dir='ltr'>gravis</span> 
     </span>
     <span class='ocr_line' id='line_1_21' title="bbox 206 2910 1346 2995; baseline -0.002 -20"><span class='ocrx_word' id='word_1_150' title='bbox 206 2911 375 2995; x_wconf 87' lang='lat' dir='ltr'>scrupulus</span> <span class='ocrx_word' id='word_1_151' title='bbox 400 2911 507 2977; x_wconf 85' lang='lat' dir='ltr'>enimc</span> <span class='ocrx_word' id='word_1_152' title='bbox 530 2910 682 2994; x_wconf 88' lang='lat' dir='ltr'>insideat,</span> <span class='ocrx_word' id='word_1_153' title='bbox 711 2933 906 2995; x_wconf 86' lang='lat' dir='ltr'>quamquam</span> <span class='ocrx_word' id='word_1_154' title='bbox 930 2933 997 2975; x_wconf 93' lang='lat' dir='ltr'>non</span> <span class='ocrx_word' id='word_1_155' title='bbox 1020 2910 1157 2994; x_wconf 84' lang='lat' dir='ltr'>impedit</span> <span class='ocrx_word' id='word_1_156' title='bbox 1183 2911 1242 2974; x_wconf 89' lang='lat' dir='ltr'>illa</span> <span class='ocrx_word' id='word_1_157' title='bbox 1270 2933 1346 2975; x_wconf 88' lang='lat' dir='ltr'>saue</span> 
     </span>
     <span class='ocr_line' id='line_1_22' title="bbox 203 3015 1346 3102; baseline 0 -20"><span class='ocrx_word' id='word_1_158' title='bbox 203 3019 373 3102; x_wconf 89' lang='lat' dir='ltr'>quominus</span> <span class='ocrx_word' id='word_1_159' title='bbox 397 3022 430 3082; x_wconf 91' lang='lat' dir='ltr'>et</span> <span class='ocrx_word' id='word_1_160' title='bbox 457 3019 514 3082; x_wconf 81' lang='lat' dir='ltr'>dus</span> <span class='ocrx_word' id='word_1_161' title='bbox 537 3021 569 3081; x_wconf 89' lang='lat' dir='ltr'>et</span> <span class='ocrx_word' id='word_1_162' title='bbox 597 3019 646 3081; x_wconf 82' lang='lat' dir='ltr'>del</span> <span class='ocrx_word' id='word_1_163' title='bbox 667 3015 906 3100; x_wconf 85' lang='lat' dir='ltr'>produceretur.</span> <span class='ocrx_word' id='word_1_164' title='bbox 953 3015 1015 3082; x_wconf 85' lang='lat' dir='ltr'>Sed</span> <span class='ocrx_word' id='word_1_165' title='bbox 1040 3038 1120 3101; x_wconf 88' lang='lat' dir='ltr'>quae</span> <span class='ocrx_word' id='word_1_166' title='bbox 1145 3038 1185 3082; x_wconf 92' lang='lat' dir='ltr'>ne</span> <span class='ocrx_word' id='word_1_167' title='bbox 1209 3017 1346 3082; x_wconf 87' lang='lat' dir='ltr'>rationis</span> 
     </span>
     <span class='ocr_line' id='line_1_23' title="bbox 203 3122 1348 3208; baseline 0 -20"><span class='ocrx_word' id='word_1_168' title='bbox 203 3123 330 3208; x_wconf 89' lang='lat' dir='ltr'>quidem</span> <span class='ocrx_word' id='word_1_169' title='bbox 348 3125 503 3189; x_wconf 86' lang='lat' dir='ltr'>societate</span> <span class='ocrx_word' id='word_1_170' title='bbox 518 3123 585 3188; x_wconf 91' lang='lat' dir='ltr'>ulla</span> <span class='ocrx_word' id='word_1_171' title='bbox 601 3145 674 3187; x_wconf 89' lang='lat' dir='ltr'>cum</span> <span class='ocrx_word' id='word_1_172' title='bbox 689 3123 843 3207; x_wconf 84' lang='lat' dir='ltr'>exemplis</span> <span class='ocrx_word' id='word_1_173' title='bbox 858 3123 963 3189; x_wconf 82' lang='lat' dir='ltr'>adbuc</span> <span class='ocrx_word' id='word_1_174' title='bbox 977 3122 1126 3188; x_wconf 84' lang='lat' dir='ltr'>tractatis</span> <span class='ocrx_word' id='word_1_175' title='bbox 1141 3123 1348 3188; x_wconf 88' lang='lat' dir='ltr'>continentur</span> 
     </span>
     <span class='ocr_line' id='line_1_24' title="bbox 203 3225 1348 3316; baseline -0.001 -22"><span class='ocrx_word' id='word_1_176' title='bbox 203 3252 240 3294; x_wconf 91' lang='lat' dir='ltr'>ea</span> <span class='ocrx_word' id='word_1_177' title='bbox 269 3229 337 3295; x_wconf 90' lang='lat' dir='ltr'>noli</span> <span class='ocrx_word' id='word_1_178' title='bbox 367 3228 418 3293; x_wconf 86' lang='lat' dir='ltr'>vel</span> <span class='ocrx_word' id='word_1_179' title='bbox 448 3229 617 3294; x_wconf 86' lang='lat' dir='ltr'>defendere</span> <span class='ocrx_word' id='word_1_180' title='bbox 647 3230 699 3294; x_wconf 83' lang='lat' dir='ltr'>vel</span> <span class='ocrx_word' id='word_1_181' title='bbox 730 3251 889 3294; x_wconf 84' lang='lat' dir='ltr'>excusare.</span> <span class='ocrx_word' id='word_1_182' title='bbox 932 3229 1047 3316; x_wconf 86' lang='lat' dir='ltr'>Apage</span> <span class='ocrx_word' id='word_1_183' title='bbox 1078 3230 1179 3314; x_wconf 83' lang='lat' dir='ltr'>igitur</span> <span class='ocrx_word' id='word_1_184' title='bbox 1208 3225 1348 3294; x_wconf 65' lang='lat' dir='ltr'>cordidit</span> 
     </span>
     <span class='ocr_line' id='line_1_25' title="bbox 201 3335 1354 3422; baseline 0 -21"><span class='ocrx_word' id='word_1_185' title='bbox 201 3338 319 3402; x_wconf 71' lang='lat' dir='ltr'>cenebll</span> <span class='ocrx_word' id='word_1_186' title='bbox 344 3337 427 3401; x_wconf 71' lang='lat' dir='ltr'>uiuat</span> <span class='ocrx_word' id='word_1_187' title='bbox 451 3337 586 3418; x_wconf 62' lang='lat' dir='ltr'>prorepit</span> <span class='ocrx_word' id='word_1_188' title='bbox 613 3337 719 3420; x_wconf 74' lang='lat' dir='ltr'>oblipll</span> <span class='ocrx_word' id='word_1_189' title='bbox 753 3336 890 3402; x_wconf 58' lang='lat' dir='ltr'>screatu</span> <span class='ocrx_word' id='word_1_190' title='bbox 921 3339 953 3400; x_wconf 88' lang='lat' dir='ltr'>et</span> <span class='ocrx_word' id='word_1_191' title='bbox 985 3335 1012 3401; x_wconf 90' lang='lat' dir='ltr'>si</span> <span class='ocrx_word' id='word_1_192' title='bbox 1045 3359 1127 3422; x_wconf 89' lang='lat' dir='ltr'>quae</span> <span class='ocrx_word' id='word_1_193' title='bbox 1160 3340 1237 3400; x_wconf 87' lang='lat' dir='ltr'>sunt</span> <span class='ocrx_word' id='word_1_194' title='bbox 1260 3336 1354 3401; x_wconf 51' lang='lat' dir='ltr'>simi¹¹</span> 
     </span>
     <span class='ocr_line' id='line_1_26' title="bbox 201 3439 1346 3530; baseline 0.001 -23"><span class='ocrx_word' id='word_1_195' title='bbox 201 3440 311 3530; x_wconf 88' lang='lat' dir='ltr'>lia**).</span> <span class='ocrx_word' id='word_1_196' title='bbox 348 3439 417 3506; x_wconf 90' lang='lat' dir='ltr'>Nec</span> <span class='ocrx_word' id='word_1_197' title='bbox 441 3442 525 3507; x_wconf 90' lang='lat' dir='ltr'>enim</span> <span class='ocrx_word' id='word_1_198' title='bbox 549 3441 663 3526; x_wconf 83' lang='lat' dir='ltr'>arsis,</span> <span class='ocrx_word' id='word_1_199' title='bbox 686 3443 778 3507; x_wconf 90' lang='lat' dir='ltr'>cuius</span> <span class='ocrx_word' id='word_1_200' title='bbox 801 3442 834 3507; x_wconf 93' lang='lat' dir='ltr'>in</span> <span class='ocrx_word' id='word_1_201' title='bbox 853 3442 915 3506; x_wconf 89' lang='lat' dir='ltr'>hac</span> <span class='ocrx_word' id='word_1_202' title='bbox 933 3465 1048 3508; x_wconf 78' lang='lat' dir='ltr'>caussa</span> <span class='ocrx_word' id='word_1_203' title='bbox 1065 3443 1182 3509; x_wconf 85' lang='lat' dir='ltr'>iactari</span> <span class='ocrx_word' id='word_1_204' title='bbox 1200 3447 1346 3528; x_wconf 78' lang='lat' dir='ltr'>potestas</span> 
     </span>
     <span class='ocr_line' id='line_1_27' title="bbox 203 3548 1347 3634; baseline 0.002 -21"><span class='ocrx_word' id='word_1_205' title='bbox 203 3548 300 3634; x_wconf 86' lang='lat' dir='ltr'>solet,</span> <span class='ocrx_word' id='word_1_206' title='bbox 328 3549 430 3613; x_wconf 91' lang='lat' dir='ltr'>ullam</span> <span class='ocrx_word' id='word_1_207' title='bbox 453 3549 493 3614; x_wconf 90' lang='lat' dir='ltr'>ad</span> <span class='ocrx_word' id='word_1_208' title='bbox 517 3549 756 3633; x_wconf 86' lang='lat' dir='ltr'>producendum</span> <span class='ocrx_word' id='word_1_209' title='bbox 780 3549 845 3614; x_wconf 87' lang='lat' dir='ltr'>vim</span> <span class='ocrx_word' id='word_1_210' title='bbox 868 3549 984 3615; x_wconf 85' lang='lat' dir='ltr'>habuit</span> <span class='ocrx_word' id='word_1_211' title='bbox 1006 3550 1040 3614; x_wconf 91' lang='lat' dir='ltr'>in</span> <span class='ocrx_word' id='word_1_212' title='bbox 1063 3550 1225 3616; x_wconf 81' lang='lat' dir='ltr'>Plautinis</span> <span class='ocrx_word' id='word_1_213' title='bbox 1250 3551 1347 3616; x_wconf 88' lang='lat' dir='ltr'>versi-</span> 
     </span>
     <span class='ocr_line' id='line_1_28' title="bbox 203 3655 1346 3741; baseline 0.002 -22"><span class='ocrx_word' id='word_1_214' title='bbox 203 3656 263 3720; x_wconf 90' lang='lat' dir='ltr'>bus</span> <span class='ocrx_word' id='word_1_215' title='bbox 295 3655 459 3740; x_wconf 88' lang='lat' dir='ltr'>veterique</span> <span class='ocrx_word' id='word_1_216' title='bbox 488 3655 680 3722; x_wconf 84' lang='lat' dir='ltr'>Latinorum</span> <span class='ocrx_word' id='word_1_217' title='bbox 710 3656 802 3740; x_wconf 89' lang='lat' dir='ltr'>poesi</span> <span class='ocrx_word' id='word_1_218' title='bbox 833 3657 996 3741; x_wconf 88' lang='lat' dir='ltr'>universa,</span> <span class='ocrx_word' id='word_1_219' title='bbox 1028 3679 1087 3721; x_wconf 91' lang='lat' dir='ltr'>nec</span> <span class='ocrx_word' id='word_1_220' title='bbox 1120 3657 1250 3723; x_wconf 90' lang='lat' dir='ltr'>omnino</span> <span class='ocrx_word' id='word_1_221' title='bbox 1282 3657 1346 3722; x_wconf 89' lang='lat' dir='ltr'>tale</span> 
     </span>
     <span class='ocr_line' id='line_1_29' title="bbox 202 3760 1347 3849; baseline 0.002 -23"><span class='ocrx_word' id='word_1_222' title='bbox 202 3762 281 3846; x_wconf 90' lang='lat' dir='ltr'>quid</span> <span class='ocrx_word' id='word_1_223' title='bbox 303 3783 458 3847; x_wconf 88' lang='lat' dir='ltr'>umquam</span> <span class='ocrx_word' id='word_1_224' title='bbox 481 3761 545 3826; x_wconf 91' lang='lat' dir='ltr'>nisi</span> <span class='ocrx_word' id='word_1_225' title='bbox 569 3761 615 3826; x_wconf 92' lang='lat' dir='ltr'>eis</span> <span class='ocrx_word' id='word_1_226' title='bbox 639 3760 879 3829; x_wconf 83' lang='lat' dir='ltr'>condicionibus</span> <span class='ocrx_word' id='word_1_227' title='bbox 898 3764 1019 3830; x_wconf 87' lang='lat' dir='ltr'>factum</span> <span class='ocrx_word' id='word_1_228' title='bbox 1039 3769 1098 3849; x_wconf 87' lang='lat' dir='ltr'>est,</span> <span class='ocrx_word' id='word_1_229' title='bbox 1121 3764 1237 3848; x_wconf 90' lang='lat' dir='ltr'>quibus</span> <span class='ocrx_word' id='word_1_230' title='bbox 1256 3764 1347 3830; x_wconf 90' lang='lat' dir='ltr'>licuit</span> 
     </span>
     <span class='ocr_line' id='line_1_30' title="bbox 203 3869 1347 3956; baseline 0.001 -23"><span class='ocrx_word' id='word_1_231' title='bbox 203 3875 236 3933; x_wconf 89' lang='lat' dir='ltr'>et</span> <span class='ocrx_word' id='word_1_232' title='bbox 250 3869 430 3954; x_wconf 89' lang='lat' dir='ltr'>quamlibet</span> <span class='ocrx_word' id='word_1_233' title='bbox 443 3870 573 3934; x_wconf 90' lang='lat' dir='ltr'>brevem</span> <span class='ocrx_word' id='word_1_234' title='bbox 589 3869 749 3953; x_wconf 86' lang='lat' dir='ltr'>syllabam</span> <span class='ocrx_word' id='word_1_235' title='bbox 764 3893 823 3955; x_wconf 89' lang='lat' dir='ltr'>pro</span> <span class='ocrx_word' id='word_1_236' title='bbox 837 3871 938 3956; x_wconf 84' lang='lat' dir='ltr'>longa</span> <span class='ocrx_word' id='word_1_237' title='bbox 951 3871 1147 3937; x_wconf 85' lang='lat' dir='ltr'>substituere</span> <span class='ocrx_word' id='word_1_238' title='bbox 1162 3875 1195 3936; x_wconf 90' lang='lat' dir='ltr'>et</span> <span class='ocrx_word' id='word_1_239' title='bbox 1209 3871 1347 3954; x_wconf 88' lang='lat' dir='ltr'>plerum-</span> 
     </span>
    </p>
   </div>
   <div class='ocr_carea' id='block_1_12' title="bbox 204 4011 415 4019">
    <p class='ocr_par' dir='ltr' id='par_1_12' title="bbox 204 4011 415 4019">
     <span class='ocr_line' id='line_1_31' title="bbox 204 4011 415 4019; baseline 0 0"><span class='ocrx_word' id='word_1_240' title='bbox 204 4013 250 4018; x_wconf 88' lang='lat'>--—-</span> <span class='ocrx_word' id='word_1_241' title='bbox 256 4011 415 4019; x_wconf 72' lang='lat' dir='ltr'>——n--n</span> 
     </span>
    </p>
   </div>
   <div class='ocr_carea' id='block_1_13' title="bbox 201 4095 1348 4612">
    <p class='ocr_par' dir='ltr' id='par_1_13' title="bbox 201 4095 1348 4521">
     <span class='ocr_line' id='line_1_32' title="bbox 293 4095 1348 4168; baseline 0.001 -16"><span class='ocrx_word' id='word_1_242' title='bbox 293 4099 320 4166; x_wconf 82' lang='grc'>*)</span> <span class='ocrx_word' id='word_1_243' title='bbox 339 4096 432 4168; x_wconf 73' lang='lat' dir='ltr'>[Quod</span> <span class='ocrx_word' id='word_1_244' title='bbox 445 4100 557 4167; x_wconf 68' lang='lat' dir='ltr'>quasque</span> <span class='ocrx_word' id='word_1_245' title='bbox 570 4097 603 4152; x_wconf 78' lang='lat' dir='ltr'>in</span> <span class='ocrx_word' id='word_1_246' title='bbox 615 4097 728 4152; x_wconf 70' lang='lat' dir='ltr'>animoa</span> <span class='ocrx_word' id='word_1_247' title='bbox 740 4099 818 4154; x_wconf 80' lang='lat' dir='ltr'>tdbct</span> <span class='ocrx_word' id='word_1_248' title='bbox 836 4103 886 4153; x_wconf 78' lang='lat' dir='ltr'>act</span> <span class='ocrx_word' id='word_1_249' title='bbox 903 4099 1061 4154; x_wconf 66' lang='lat' dir='ltr'>habiturust</span> <span class='ocrx_word' id='word_1_250' title='bbox 1072 4100 1164 4154; x_wconf 77' lang='lat' dir='ltr'>sciunt</span> <span class='ocrx_word' id='word_1_251' title='bbox 1177 4095 1348 4153; x_wconf 83' lang='lat' dir='ltr'>Ritschelius</span> 
     </span>
     <span class='ocr_line' id='line_1_33' title="bbox 201 4179 1348 4256; baseline 0.002 -18"><span class='ocrx_word' id='word_1_252' title='bbox 201 4184 314 4255; x_wconf 81' lang='lat' dir='ltr'>scripsit</span> <span class='ocrx_word' id='word_1_253' title='bbox 335 4184 366 4239; x_wconf 91' lang='lat' dir='ltr'>in</span> <span class='ocrx_word' id='word_1_254' title='bbox 389 4183 431 4240; x_wconf 81' lang='lat' dir='ltr'>ed</span> <span class='ocrx_word' id='word_1_255' title='bbox 458 4185 507 4240; x_wconf 86' lang='lat' dir='ltr'>alt.</span> <span class='ocrx_word' id='word_1_256' title='bbox 533 4183 578 4253; x_wconf 84' lang='lat' dir='ltr'>(cl.</span> <span class='ocrx_word' id='word_1_257' title='bbox 602 4185 674 4241; x_wconf 78' lang='lat' dir='ltr'>Nou.</span> <span class='ocrx_word' id='word_1_258' title='bbox 697 4202 755 4240; x_wconf 87' lang='lat' dir='ltr'>exc.</span> <span class='ocrx_word' id='word_1_259' title='bbox 778 4185 871 4241; x_wconf 89' lang='lat' dir='ltr'>Plaut.</span> <span class='ocrx_word' id='word_1_260' title='bbox 890 4184 903 4239; x_wconf 92' lang='lat'><em>1</em></span> <span class='ocrx_word' id='word_1_261' title='bbox 921 4204 948 4256; x_wconf 93' lang='lat' dir='ltr'>p.</span> <span class='ocrx_word' id='word_1_262' title='bbox 970 4189 1013 4252; x_wconf 78' lang='grc'>73)</span> <span class='ocrx_word' id='word_1_263' title='bbox 1037 4187 1156 4241; x_wconf 81' lang='lat' dir='ltr'>addens:</span> <span class='ocrx_word' id='word_1_264' title='bbox 1187 4185 1245 4240; x_wconf 84' lang='lat' dir='ltr'>‘Da</span> <span class='ocrx_word' id='word_1_265' title='bbox 1267 4179 1348 4242; x_wconf 68' lang='lat' dir='ltr'>uacet</span> 
     </span>
     <span class='ocr_line' id='line_1_34' title="bbox 202 4272 1346 4344; baseline 0.003 -17"><span class='ocrx_word' id='word_1_266' title='bbox 202 4289 300 4330; x_wconf 85' lang='lat' dir='ltr'>vereor</span> <span class='ocrx_word' id='word_1_267' title='bbox 324 4275 357 4328; x_wconf 84' lang='lat' dir='ltr'>ut</span> <span class='ocrx_word' id='word_1_268' title='bbox 378 4275 454 4329; x_wconf 86' lang='lat' dir='ltr'>recte</span> <span class='ocrx_word' id='word_1_269' title='bbox 473 4272 656 4344; x_wconf 75' lang='lat' dir='ltr'>cogitaverim</span> <span class='ocrx_word' id='word_1_270' title='bbox 678 4273 788 4343; x_wconf 76' lang='lat' dir='ltr'>Proleg.</span> <span class='ocrx_word' id='word_1_271' title='bbox 810 4292 838 4344; x_wconf 88' lang='lat' dir='ltr'>p.</span> <span class='ocrx_word' id='word_1_272' title='bbox 862 4289 1057 4343; x_wconf 63' lang='lat' dir='ltr'>cuxxxrvsq„</span> <span class='ocrx_word' id='word_1_273' title='bbox 1080 4275 1115 4328; x_wconf 88' lang='lat' dir='ltr'>de</span> <span class='ocrx_word' id='word_1_274' title='bbox 1143 4274 1239 4343; x_wconf 89' lang='lat' dir='ltr'>aliqua</span> <span class='ocrx_word' id='word_1_275' title='bbox 1256 4275 1346 4330; x_wconf 82' lang='lat' dir='ltr'>trane-</span> 
     </span>
     <span class='ocr_line' id='line_1_35' title="bbox 202 4361 1347 4434; baseline 0.001 -16"><span class='ocrx_word' id='word_1_276' title='bbox 202 4361 341 4432; x_wconf 83' lang='lat' dir='ltr'>positione</span> <span class='ocrx_word' id='word_1_277' title='bbox 366 4361 482 4417; x_wconf 86' lang='lat' dir='ltr'>minime</span> <span class='ocrx_word' id='word_1_278' title='bbox 501 4378 598 4417; x_wconf 82' lang='lat' dir='ltr'>vereor</span> <span class='ocrx_word' id='word_1_279' title='bbox 615 4378 650 4417; x_wconf 89' lang='lat' dir='ltr'>ne</span> <span class='ocrx_word' id='word_1_280' title='bbox 669 4365 744 4418; x_wconf 87' lang='lat' dir='ltr'>recte</span> <span class='ocrx_word' id='word_1_281' title='bbox 758 4362 927 4418; x_wconf 77' lang='lat' dir='ltr'>Fritcachius</span> <span class='ocrx_word' id='word_1_282' title='bbox 944 4381 972 4434; x_wconf 89' lang='lat' dir='ltr'>p.</span> <span class='ocrx_word' id='word_1_283' title='bbox 991 4369 1015 4418; x_wconf 81' lang='lat' dir='ltr'>o.</span> <span class='ocrx_word' id='word_1_284' title='bbox 1030 4363 1123 4418; x_wconf 76' lang='lat' dir='ltr'>animo</span> <span class='ocrx_word' id='word_1_285' title='bbox 1141 4369 1191 4418; x_wconf 75' lang='lat' dir='ltr'>cal</span> <span class='ocrx_word' id='word_1_286' title='bbox 1209 4363 1288 4418; x_wconf 81' lang='lat' dir='ltr'>habet</span> <span class='ocrx_word' id='word_1_287' title='bbox 1306 4381 1347 4420; x_wconf 89' lang='lat' dir='ltr'>re·</span> 
     </span>
     <span class='ocr_line' id='line_1_36' title="bbox 203 4448 1095 4521; baseline -0.001 -16"><span class='ocrx_word' id='word_1_288' title='bbox 203 4452 314 4520; x_wconf 86' lang='lat' dir='ltr'>ceptum</span> <span class='ocrx_word' id='word_1_289' title='bbox 333 4449 362 4504; x_wconf 90' lang='lat' dir='ltr'>in</span> <span class='ocrx_word' id='word_1_290' title='bbox 379 4449 527 4519; x_wconf 83' lang='lat' dir='ltr'>prosodoci</span> <span class='ocrx_word' id='word_1_291' title='bbox 544 4448 663 4520; x_wconf 77' lang='lat' dir='ltr'>probavi</span> <span class='ocrx_word' id='word_1_292' title='bbox 680 4449 817 4507; x_wconf 79' lang='lat' dir='ltr'>Muellero</span> <span class='ocrx_word' id='word_1_293' title='bbox 835 4450 870 4504; x_wconf 88' lang='lat' dir='ltr'>de</span> <span class='ocrx_word' id='word_1_294' title='bbox 888 4467 962 4521; x_wconf 89' lang='lat' dir='ltr'>pros.</span> <span class='ocrx_word' id='word_1_295' title='bbox 980 4469 1007 4521; x_wconf 89' lang='lat' dir='ltr'>p.</span> <span class='ocrx_word' id='word_1_296' title='bbox 1027 4450 1095 4519; x_wconf 61' lang='lat'>633]</span> 
     </span>
    </p>

    <p class='ocr_par' dir='ltr' id='par_1_14' title="bbox 277 4537 1221 4612">
     <span class='ocr_line' id='line_1_37' title="bbox 277 4537 1221 4612; baseline 0.004 -20"><span class='ocrx_word' id='word_1_297' title='bbox 277 4538 319 4607; x_wconf 55' lang='grc' dir='ltr'>*ἢ</span> <span class='ocrx_word' id='word_1_298' title='bbox 339 4537 393 4609; x_wconf 80' lang='lat' dir='ltr'>[Cf.</span> <span class='ocrx_word' id='word_1_299' title='bbox 411 4540 500 4608; x_wconf 83' lang='lat' dir='ltr'>prael.</span> <span class='ocrx_word' id='word_1_300' title='bbox 518 4538 618 4594; x_wconf 86' lang='lat' dir='ltr'>Pseud.</span> <span class='ocrx_word' id='word_1_301' title='bbox 638 4557 666 4609; x_wconf 89' lang='lat' dir='ltr'>p.</span> <span class='ocrx_word' id='word_1_302' title='bbox 685 4553 740 4593; x_wconf 83' lang='lat' dir='ltr'>x1v</span> <span class='ocrx_word' id='word_1_303' title='bbox 759 4541 788 4593; x_wconf 92' lang='lat' dir='ltr'>et</span> <span class='ocrx_word' id='word_1_304' title='bbox 806 4539 906 4608; x_wconf 86' lang='lat' dir='ltr'>Opuec.</span> <span class='ocrx_word' id='word_1_305' title='bbox 925 4538 994 4609; x_wconf 89' lang='lat' dir='ltr'>phil.</span> <span class='ocrx_word' id='word_1_306' title='bbox 1014 4539 1039 4594; x_wconf 90' lang='lat'>11</span> <span class='ocrx_word' id='word_1_307' title='bbox 1058 4557 1085 4609; x_wconf 91' lang='lat' dir='ltr'>p.</span> <span class='ocrx_word' id='word_1_308' title='bbox 1105 4546 1154 4594; x_wconf 79' lang='lat'>641</span> <span class='ocrx_word' id='word_1_309' title='bbox 1167 4539 1221 4612; x_wconf 88' lang='lat' dir='ltr'>sq.]</span> 
     </span>
    </p>
   </div>
   <div class='ocr_carea' id='block_1_14' title="bbox 0 0 1673 5074">
    <p class='ocr_par' dir='ltr' id='par_1_15' title="bbox 0 0 1673 5074">
     <span class='ocr_line' id='line_1_38' title="bbox 0 0 1673 5074; baseline 0 0"><span class='ocrx_word' id='word_1_310' title='bbox 0 0 1673 5074; x_wconf 95' lang='lat' dir='ltr'> </span> 
     </span>
    </p>
   </div>
  </div>
 </body>
</html>
