3306 5070
467 387 766 440 surrmsmouas
789 391 861 439 uuo
884 375 1111 449 immonsa,
1286 371 1350 438 723

348 604 383 694 x)
406 605 460 672 Im
483 607 725 673 Prooemium
747 606 812 672 des
836 603 1098 672 Sommcrsem.
1123 605 1207 670 1863

488 745 629 836 (priseae
652 749 745 814 latin.
768 749 868 834 epigr.
893 750 997 834 suppl.
1018 746 1077 835 Π).

298 889 361 955 Sed
383 895 511 976 tempus
536 895 586 956 est
608 913 628 955 a
651 892 835 956 litterarum
858 891 1002 956 exilitate
1025 890 1163 955 transire
1183 888 1350 955 adrerum

210 997 413 1081 gravitatem.
459 998 662 1084 Quamquam
693 1019 749 1062 eae
781 997 872 1082 ipsae
902 1019 970 1080 res,
1002 997 1031 1061 si
1060 1017 1172 1061 verum
1201 997 1350 1066 volumus

209 1101 318 1188 lateri,
339 1107 372 1168 et
394 1105 644 1189 proficiscuntur
667 1103 828 1168 alitteris
852 1108 886 1168 et
909 1102 950 1168 ad
974 1103 1102 1168 easdem
1125 1124 1192 1167 non
1214 1107 1352 1187 possunt

210 1230 275 1274 nou
306 1209 520 1275 multifariam
550 1209 668 1275 redire:
701 1211 828 1294 quando
859 1211 977 1276 litteris
1009 1231 1115 1276 carere
1143 1209 1269 1274 litterae
1296 1232 1351 1274 ue·

210 1320 346 1400 queunt,
374 1316 426 1380 vel
449 1319 486 1380 ut
508 1315 638 1402 planius
662 1316 780 1400 dicam,
804 1322 873 1381 arte
896 1318 1110 1402 grammatica
1131 1338 1184 1381 ara
1207 1316 1349 1401 discipli-

208 1443 333 1487 narum.
369 1419 496 1486 Harum
524 1427 633 1488 autem
660 1421 915 1508 disciplinarum,
938 1423 1055 1507 quibus
1078 1428 1112 1488 et
1133 1427 1276 1488 mentem
1299 1445 1351 1487 ex·

210 1528 345 1593 crceatis
369 1531 402 1592 et
425 1528 580 1594 excolatis
604 1529 762 1613 animum,
788 1529 849 1594 hos
872 1529 938 1594 iam
965 1529 1086 1594 indices
1115 1528 1252 1613 aecipite
1281 1527 1351 1613 qui·

211 1635 271 1700 bus
295 1633 476 1700 studiorum
500 1636 698 1701 aestivorum
722 1635 858 1700 ducibus
881 1635 1026 1700 utamini.
1072 1633 1218 1700 Vtemiui
1243 1638 1351 1701 autam

209 1742 265 1826 ita,
284 1743 312 1806 si
333 1741 409 1827 quid
427 1745 541 1806 nostra
560 1741 646 1827 apud
664 1763 722 1806 vos
741 1741 918 1807 auctoritas
939 1740 1034 1823 valet,
1056 1743 1093 1804 ut
1111 1739 1353 1825 propositarum

211 1847 395 1913 scholarum
423 1848 555 1913 ubertas
585 1847 711 1912 animos
734 1850 860 1912 vestros
883 1868 949 1912 uon
971 1851 1100 1912 tantum
1123 1845 1255 1911 adliciat
1278 1867 1351 1912 cum

210 1955 380 2039 suavitate,
402 1953 459 2034 sed
482 1975 555 2018 cum
578 1953 685 2018 fructu
709 1952 861 2041 detineat.
906 1951 1034 2018 Valete.

701 2149 860 2157 -..———-

321 2270 358 2359 y)
381 2272 436 2336 lm
458 2270 702 2337 Prooemium
725 2270 790 2337 des
814 2271 1057 2337 Wintersem.
1083 2269 1232 2356 1863l64

480 2413 618 2499 (priscae
641 2413 731 2478 latin.
756 2413 855 2498 epigr.
879 2415 985 2500 suppl.
1007 2412 1081 2500 111).

300 2555 393 2633 Quod
425 2559 583 2639 superest,
615 2555 702 2620 iufra
734 2556 914 2640 positarum
944 2555 1126 2621 scholarum
1157 2557 1284 2640 copiam
1315 2579 1352 2622 ac

210 2769 373 2853 volumus,
401 2768 594 2833 industriam
618 2771 726 2832 autem
750 2771 893 2833 vestram
916 2767 1009 2834 Bono
1033 2767 1182 2834 Eventui.
1231 2767 1353 2836 Valete.

701 2965 860 2974 ——ffld

350 3085 381 3174 z)
405 3087 461 3153 Im
484 3087 724 3154 Prooemium
747 3088 814 3154 des
839 3087 1100 3156 Sommersem.
1125 3089 1210 3156 1864

481 3228 619 3316 (priscae
642 3231 733 3296 latin.
756 3232 859 3316 epigr.
882 3231 987 3315 suppl.
1011 3230 1082 3316 IV).

299 3373 404 3462 Novis
424 3373 617 3458 quibusdam
637 3372 793 3456 exemplis
812 3371 980 3456 didicistis,
999 3373 1236 3439 commilitones
1255 3375 1352 3441 caris-

212 3480 304 3564 simi,
333 3501 430 3563 quam
461 3501 534 3544 vere
558 3480 682 3544 dicatur
704 3481 785 3544 diem
807 3480 857 3544 dee
878 3480 978 3544 doceri
1000 3501 1122 3565 nosque
1145 3480 1233 3564 ipsos
1256 3481 1353 3562 γηρά-

212 3608 296 3652 (κειν
324 3587 386 3650 αἰεὶ
414 3587 521 3651 πολλὰ
544 3589 799 3665 διδαεκομένουε.
845 3585 938 3662 Quod
960 3590 1070 3651 tamen
1093 3587 1141 3650 ita
1163 3587 1354 3674 interpreta-

213 3693 341 3776 bimini,
364 3697 401 3757 ut
423 3714 537 3775 parum
561 3693 668 3757 valere
691 3694 750 3757 illa
773 3693 880 3758 πολλὰ
902 3693 1131 3778 recordemini,
1162 3693 1226 3758 nisi
1248 3695 1282 3758 in
1307 3695 1353 3759 eis

211 3801 249 3865 τὸ
273 3801 357 3865 πολὺ
382 3800 467 3864 insit.
504 3799 594 3884 Ergo
618 3823 656 3864 ex
679 3801 741 3865 hac
763 3822 900 3884 quoque,
924 3822 1020 3884 quam
1043 3801 1131 3866 infre
1154 3802 1354 3884 propositam

212 3907 338 3992 videtis,
361 3906 534 3990 multiplici
553 3907 711 3972 varietate
731 3907 910 3972 studiorum
929 3907 1176 3990 litterarumque
1188 3908 1353 3972 'curabitis

213 4017 250 4078 ut
268 4013 420 4097 prudenti
441 4013 575 4079 oonsilio
594 4035 738 4098 sanoque
757 4018 1013 4097 temperamento
1033 4035 1071 4077 ea
1089 4012 1252 4097 deligatis,
1272 4033 1354 4096 quae

211 4119 245 4182 in
273 4119 397 4183 solidae
427 4119 587 4201 certisque
614 4118 733 4184 finibus
762 4119 1025 4203 circumscriptae
1054 4117 1244 4203 disciplinae
1272 4123 1355 4182 tam-

212 4245 309 4308 quam
334 4224 495 4307 quoddam
521 4245 636 4307 oorpus
661 4227 785 4309 coeant,
806 4247 887 4290 neve
906 4225 1089 4289 multisciae
1111 4224 1248 4288 notitiae
1270 4245 1354 4308 vago

213 4331 359 4416 appetitu
382 4351 491 4395 veram
515 4329 758 4414 simplicemque
783 4331 953 4397 scientiam
976 4331 1197 4416 praevertatis.
1228 4328 1353 4395 Valete.

1088 4574 1143 4630 46·
