3332 5074
280 413 346 484 452
570 432 826 484 eaonnuousss
850 433 897 482 66
920 431 1130 484 6666666666

280 579 345 644 huo
374 579 576 644 referendum
606 602 677 646 asse
708 601 783 644 mox
814 580 993 664 apparebit.
1003 577 1034 663 *l
1079 578 1202 643 Verum
1230 578 1363 642 minime
1392 577 1426 643 in

281 687 455 752 eorumdem
481 709 651 752 numerum
675 687 763 751 Trin.
787 711 815 751 v.
838 687 906 751 420
928 688 1030 751 venit:

370 828 476 894 Minas
502 831 718 916 quadraginta
740 829 902 912 cicccpstia'
926 851 946 894 a
969 829 1113 914 Cillicle,

282 995 353 1036 oum
383 973 422 1037 de
446 975 517 1058 lege
541 975 724 1057 usitataque
748 975 873 1038 ratione
897 973 932 1036 in
954 973 1157 1056 paenultima
1179 975 1347 1038 accentum
1370 972 1426 1037 ha·

281 1081 356 1143 beat
382 1083 563 1163 accepste'cc:
596 1102 678 1165 quae
707 1102 768 1144 vox
796 1102 870 1144 cum
898 1081 993 1146 unius
1022 1080 1112 1164 pedis
1141 1100 1326 1144 mensuram
1354 1079 1426 1162 ipso

280 1187 405 1251 ambitu
434 1209 492 1251 suo
521 1186 667 1271 excedat,
698 1187 849 1252 inversu
878 1209 942 1252 non
967 1191 1075 1271 potest
1096 1208 1163 1251 non
1186 1185 1347 1270 duplicem
1377 1206 1427 1248 aa·

280 1297 410 1357 centum
432 1293 598 1375 decepsttue
620 1292 770 1386 recipere·
786 1297 823 1357 ut
842 1293 965 1358 similia
984 1289 1158 1377 omnia.**)
1190 1291 1323 1356 Etenim
1342 1291 1428 1376 quod

280 1398 378 1482 longe
402 1400 609 1464 notissimum
634 1403 693 1484 est,
716 1400 852 1464 elisione
875 1405 1042 1484 tamquam
1068 1399 1253 1464 decurtatae
1276 1399 1307 1462 h.
1318 1419 1343 1462 e.
1365 1419 1427 1462 una

168 1528 273 1568 ocxvn
284 1505 412 1590 syllaba
433 1505 598 1570 breviores
623 1505 725 1570 factas
749 1529 844 1570 voces
868 1505 1032 1570 retrahere
1056 1511 1225 1570 accentum
1248 1505 1279 1570 h.
1303 1526 1328 1568 e.
1352 1527 1426 1569 eum

281 1617 449 1676 accentum
469 1613 610 1697 recipere
629 1614 695 1698 qui,
718 1613 746 1676 si
764 1613 892 1677 brevior
912 1613 1018 1678 forma
1036 1613 1202 1696 primitiva
1221 1616 1315 1695 esset,
1339 1617 1426 1676 esset

280 1719 457 1803 legitimus:
483 1719 515 1782 id
538 1720 692 1803 quoniam
716 1720 807 1784 video
831 1719 987 1805 quosdam
1012 1719 1051 1782 de
1069 1720 1260 1784 necessitate
1284 1717 1423 1804 quadam

281 1826 511 1909 interpretatos
535 1848 614 1909 esse,
638 1848 677 1890 ne
700 1827 761 1891 hoc
785 1827 914 1911 quidem
938 1827 1206 1910 praetermittam,
1229 1826 1285 1890 sed
1304 1831 1426 1891 utram-

280 1931 363 1996 libet
385 1933 546 1998 rationem
569 1933 675 1999 dicam
698 1939 812 2019 poetas
837 1934 998 1999 arbitratu
1021 1955 1081 1997 suo
1101 1936 1228 1996 secutos
1248 1954 1333 1997 esea:
1356 1933 1425 2016 qui-

281 2038 341 2102 bus
364 2037 457 2104 licuit
480 2045 555 2105 ante
579 2040 724 2106 vocalem
747 2040 798 2104 vel
820 2039 961 2122 accepisti
978 2040 1033 2104 troc
1051 2039 1102 2105 vel
1121 2041 1264 2121 accepisti
1281 2039 1336 2103 boc
1353 2061 1424 2120 pro-

281 2147 444 2229 nuntiare,
474 2148 524 2212 vel
546 2147 731 2212 adulescenti
752 2145 809 2211 ltus
831 2148 881 2211 vel
905 2147 1123 2212 wabtccctcm
1146 2145 1254 2224 acirim,
1278 2145 1329 2210 vel
1352 2149 1424 2210 sort-

281 2252 411 2316 666166
438 2252 560 2335 appulit
589 2253 641 2317 vel
663 2254 855 2318 scubcndcm
877 2251 1045 2336 appellere,
1077 2256 1110 2316 et
1133 2252 1283 2316 similiter
1307 2251 1424 2317 omnia.

281 2357 375 2422 Vnde
399 2359 606 2444 consequitur
629 2364 679 2442 ut,
702 2359 856 2445 quamdiu
881 2361 1025 2424 tocalem
1048 2359 1242 2444 praecedens
1264 2358 1429 2440 scibam,

281 2465 333 2530 vel
358 2465 472 2536 aduca-
500 2464 628 2550 (uducui
649 2468 777 2549 capuam
804 2465 892 2533 Trin.
916 2465 973 2550 97)
998 2479 1068 2532 'non
1094 2473 1191 2533 exuat
1214 2465 1347 2550 spondei
1372 2487 1429 2530 na-

283 2575 400 2655 turam,
422 2593 462 2636 ne
486 2571 543 2635 illa
567 2571 697 2657 quidam
720 2573 885 2638 tralaticia
907 2574 1030 2638 co'uccde
1052 2573 1119 2653 bric,
1141 2574 1240 2640 6666616
1261 2572 1321 2636 buc‘c
1342 2575 1428 2636 recte

389 2782 414 2852 *)
433 2781 487 2836 Vix
505 2783 601 2836 tamen
618 2782 673 2836 huc
692 2781 868 2836 referendum
887 2781 962 2837 Tria.
983 2789 1047 2838 527:

495 2889 655 2944 Consuadet
671 2889 793 2958 homini,
813 2890 904 2947 credo.
937 2893 988 2944 etat
1005 2890 1139 2946 scelestus
1158 2893 1215 2946 est:

283 2999 331 3053 ubi
350 3015 405 3053 non
424 2996 514 3067 magis
533 2999 584 3051 etsi
596 2995 713 3052 offendit
726 3013 812 3066 quarn
826 3003 851 3051 ct
863 2999 898 3062 at,
916 2998 1080 3067 praesertim
1095 2999 1159 3068 post
1172 2997 1428 3068 interpunctionem

283 3087 370 3142 illam.
408 3087 501 3142 Aliam
521 3086 558 3142 ob
576 3103 703 3142 caussam
721 3085 788 3141 hinc
807 3085 930 3142 alienum
948 3087 1024 3142 Trin.
1046 3095 1109 3142 16³:

498 3192 571 3260 Quid
589 3193 642 3247 tibi
661 3209 713 3263 ego
733 3192 838 3262 dicam,
858 3193 907 3262 qui
924 3195 1004 3248 illisis
1022 3194 1202 3264 sapientiam:

284 3317 349 3354 nam
373 3300 430 3354 iam
449 3301 549 3354 Plauto
573 3316 624 3369 pro
643 3299 746 3355 cretico
765 3301 843 3356 illisas
861 3317 924 3356 cum
943 3299 1081 3357 similibus
1099 3301 1237 3372 genetiuis
1256 3300 1342 3356 tuisse
1361 3301 1428 3356 olim

285 3390 490 3444 demonstrabo.
530 3388 583 3460 [cf.
608 3388 709 3459 Opnsc.
733 3389 801 3460 phil.
826 3389 851 3442 Ii
875 3408 904 3460 p.
923 3394 989 3458 686,
1017 3391 1065 3444 nbi
1093 3390 1222 3459 exposita
1249 3406 1428 3460 nequaquam

284 3478 451 3532 labefactari
468 3475 597 3532 Muelleri
617 3477 653 3532 de
670 3495 742 3548 pros.
762 3495 788 3548 p.
809 3484 859 3532 341
871 3496 930 3547 sqq.
955 3477 1146 3548 disputatione
1166 3479 1200 3532 ad
1222 3478 1312 3534 'iria’
1330 3496 1355 3533 v.
1377 3483 1427 3533 163

284 3567 433 3622 annotavit
450 3565 640 3636 Ritsobelius]

373 3657 415 3726 ⁸²)
434 3657 475 3712 De
494 3658 548 3711 hoc
566 3655 686 3712 maxime
705 3655 777 3712 miro
796 3657 899 3712 indicio
918 3657 959 3712 sic
977 3659 1129 3728 praecepit,
1147 3659 1196 3727 qui
1215 3657 1314 3710 auctor
1327 3655 1429 3710 doctri·

285 3764 338 3804 nac
357 3747 538 3816 prosodiacne
557 3744 705 3822 lJlautinae
724 3746 786 3800 vult
803 3746 914 3800 haberi:
936 3745 1006 3800 ‘Vix
1024 3745 1122 3800 credas
1141 3744 1197 3799 dici
1212 3747 1242 3799 et
1254 3744 1430 3815 pronuntiari

285 3835 535 3888 maccabeorum
563 3835 740 3904 indilipc'uter
767 3837 994 3904 stuppa-rusticiter
1020 3836 1205 3905 intelteptattu
1231 3834 1430 3902 interpellatio:

285 3941 336 3994 pro
355 3923 456 3993 quibua
475 3923 603 3978 omnibus
622 3923 679 3978 alia
696 3923 889 3993 pronuntiatio
903 3923 1054 3992 requiritur
1068 3941 1103 3978 ex
1116 3923 1240 3994 pedestri
1253 3928 1283 3978 et
1296 3921 1430 3978 familiari

285 4013 420 4084 loquendi
438 4013 652 4082 consuetudine,
678 4015 927 4068 6666666616666666
944 4014 1120 4084 tudiiipe'atcr
1138 4015 1367 4082 capparueitcttur
1385 4015 1428 4064 tu·

286 4104 437 4174 61696666
461 4103 664 4172 interpellatio)
702 4101 786 4156 Cuius
811 4102 897 4156 verba
922 4118 986 4156 mea
1009 4100 1095 4156 tacto:
1128 4100 1175 4155 vix
1199 4099 1296 4156 credas
1320 4097 1376 4153 dici
1402 4101 1432 4154 et

286 4191 461 4261 pronuntiari
484 4190 555 4246 talia
578 4190 711 4261 potuisse.
754 4189 838 4255 Quasi
862 4206 917 4243 non
940 4189 1068 4260 singulae
1091 4207 1174 4244 voces
1198 4207 1283 4244 unum
1307 4189 1432 4242 habeant

285 4280 469 4352 principalem
493 4282 653 4348 accentum,
682 4293 697 4333 e
721 4295 777 4346 quo
800 4279 885 4334 ceteri
909 4278 1067 4333 secundarii
1091 4278 1243 4350 pendeant,
1271 4293 1382 4347 quoque
1401 4277 1430 4331 in

265 4368 412 4424 'versibus
439 4372 550 4424 servato
578 4368 697 4423 satisfiat
728 4367 920 4422 consuetudini
951 4367 1073 4438 linguae.
1112 4367 1253 4438 [Ceterum
1281 4368 1432 4436 occupatiore

288 4458 379 4514 torma
408 4458 464 4527 ipsi
491 4456 646 4512 Ritscbelio
674 4460 732 4511 tam
762 4458 891 4526 suspecta
918 4457 1018 4526 postea
1045 4459 1118 4524 erat,
1141 4457 1173 4508 nt
1195 4471 1258 4511 earn
1281 4457 1355 4512 tueri
1376 4472 1433 4511 uon

286 4543 423 4615 auderat]
