3316 5070
319 367 363 432 80
633 383 714 431 verr
738 383 888 430 ιιιιιιιιιιι
911 381 975 430 sus
999 381 1141 430 noosnr

430 631 488 696 III.
525 631 681 698 Gediehte
704 631 859 698 Werlers
883 655 954 698 zum
978 631 1046 698 Lob
1071 632 1177 697 seiner
1199 630 1354 697 Freunde.

339 814 378 864 17.
413 805 562 862 Gedioht
584 807 644 862 sui
666 807 729 863 den
747 809 961 864 Commentsr
979 808 1092 863 seines
1110 807 1256 863 Lehrers
1274 807 1443 862 Hermann

514 913 579 952 von
597 897 672 951 dem
689 897 822 952 Busche
841 914 879 950 sn
897 895 1031 951 Deust's
1051 893 1270 950 Gremmstik.

319 1020 387 1088 (Aue
412 1019 582 1075 ‘Hermsnni
604 1020 718 1075 Buscbii
741 1018 877 1092 Pasiphili
900 1019 930 1074 in
952 1022 1041 1075 ortem
1061 1019 1164 1076 Donati
1187 1018 1222 1074 de
1246 1021 1309 1076 occo
1332 1019 1461 1089 pertibus

318 1109 453 1164 cretionis
467 1109 687 1165 Commentarius
705 1125 739 1164 ex
758 1109 905 1166 Pristisuo.
925 1107 1071 1164 Diomede.
1091 1107 1196 1164 Servio.
1217 1106 1316 1178 Capro.
1335 1107 1460 1177 Agreiic.

318 1198 421 1254 Pbocs.
445 1197 606 1254 clarissimis
630 1198 821 1269 grammaticis
840 1215 906 1253 oure
924 1201 954 1252 et
971 1197 1068 1253 lubere
1087 1214 1143 1253 non
1160 1195 1296 1251 mediocri
1314 1197 1350 1250 ed
1369 1195 1461 1265 pubii-

318 1301 380 1340 cem
402 1285 557 1342 iuventutis
579 1287 732 1343 utilitatem
756 1287 1016 1356 institutionemque
1039 1286 1190 1342 collectns'
1211 1284 1339 1356 Leipzig,
1359 1284 1459 1341 Meleh.

503 1377 603 1433 Lotter
622 1383 699 1447 1511,
719 1376 769 1431 eui
785 1377 835 1431 der
853 1375 1003 1431 Rdckseite
1022 1375 1071 1430 des
1091 1373 1282 1444 Titelblettes)

205 1521 211 1531 “
319 1516 379 1572 Viti
398 1518 527 1574 Vnerleri
546 1519 755 1575 Sultzscltensis
778 1518 949 1590 dactylicum
972 1517 1189 1587 Asclepiedeum
1211 1515 1240 1572 in
1263 1515 1327 1572 Her.
1346 1515 1460 1572 anchii

318 1607 454 1678 Pasiphiti
472 1611 662 1680 praeceptoris
681 1609 724 1664 sui
742 1610 924 1678 undecunque
943 1607 1099 1664 doctissimi
1117 1606 1348 1663 commentarium
1376 1623 1459 1676 quem

318 1696 346 1750 iu
361 1695 463 1752 Donsti
477 1700 566 1752 ertem
580 1698 615 1752 de
630 1700 694 1754 octo
708 1698 834 1768 pertibus
849 1696 983 1753 cretionis
998 1694 1140 1752 studiosae
1151 1695 1219 1765 pubi
1228 1711 1317 1765 nuper
1327 1695 1459 1752 ediderat

596 1785 721 1842 Libellus
739 1788 882 1843 auctorem
901 1803 980 1840 suum
1000 1783 1184 1842 commendet

533 1927 585 1994 Qui
604 1945 649 1983 me
668 1929 828 1999 comperuit
846 1928 983 1984 anohiue
1001 1927 1110 1983 effetim

530 2015 609 2072 Miris
628 2020 830 2074 commemoret
848 2017 953 2088 scripte
970 2016 1110 2072 nitoribus

529 2103 658 2161 Pulchris
676 2111 705 2162 et
723 2107 839 2164 decoret
856 2123 938 2162 sense
956 2105 1099 2162 leboribus

530 2193 605 2249 Artis
623 2195 824 2266 grammaticae
841 2195 934 2266 prime
951 2195 1130 2265 decumins‘)

529 2281 567 2337 Et
583 2283 698 2353 liugnse
716 2283 822 2339 letislis
840 2283 997 2354 penetralis

530 2372 688 2428 Emnnctim
706 2389 833 2429 reserens
851 2373 977 2429 sensibus
995 2371 1110 2441 intimis,

530 2458 584 2516 Per
602 2478 674 2530 quse
692 2462 785 2532 (erede
803 2462 884 2532 mihi)
904 2464 1011 2518 crescet
1028 2459 1181 2517 honoribus

532 2549 686 2606 Confestim
704 2549 857 2604 innumeris
875 2549 1043 2604 Romuleum
1062 2548 1155 2604 decus.

531 2637 633 2708 Surget
650 2638 718 2708 quin
737 2637 823 2694 etism
842 2639 904 2694 tote
922 2638 1060 2694 Lstinites

528 2726 638 2782 Priscus
657 2727 808 2784 restituens
826 2743 883 2782 non
900 2727 974 2783 mele
992 2727 1111 2783 tittcrss.

529 2815 583 2872 Eis
601 2832 678 2888 ergo,
696 2833 713 2872 o
731 2815 853 2886 iuvenis,
871 2818 984 2887 pectore
1004 2816 1112 2875 fervido

530 2908 571 2962 Ao
590 2906 670 2960 firme
688 2907 784 2962 tenere
804 2909 897 2962 mente
915 2906 1099 2974 reconditum,

531 2993 670 3064 Quicquid
688 3011 739 3065 per
756 2995 881 3052 medices
899 2995 935 3052 do
952 2995 1006 3051 tibi
1023 2996 1150 3068 paginus,

531 3081 586 3138 Sed
605 3083 701 3140 doctas
720 3083 800 3155 vigili
818 3087 848 3139 et
865 3084 956 3139 Morte
975 3084 1141 3155 recognitus,

530 3170 593 3226 Non
611 3173 666 3241 est,
686 3189 734 3227 cur
752 3172 869 3228 stolidos
886 3172 976 3229 lustrs
994 3190 1044 3243 per
1063 3174 1157 3229 omnis

530 3259 669 3330 Deinceps
688 3262 887 3331 gremmsticos
905 3261 1077 3332 ingeniosius

530 3347 635 3404 Volvss
653 3348 734 3404 foede
753 3365 867 3420 operum
885 3353 915 3405 et
933 3351 1062 3422 tempore
1079 3352 1233 3422 colloosns;

530 3434 621 3491 liuius
640 3437 855 3494 continuorum
874 3438 927 3493 tibi
945 3440 1122 3495 commodum

530 3522 636 3578 Horum
656 3526 768 3581 consero
787 3543 872 3596 quem
890 3527 968 3582 mille
987 3528 1139 3584 volumius.

529 3611 603 3667 Hinc
621 3629 672 3682 pro
691 3631 804 3670 munere
822 3615 959 3685 donisque
978 3617 1139 3674 decentibus

530 3702 647 3756 ductori
665 3703 779 3760 neritus
798 3704 914 3759 reddere
932 3706 1038 3775 grstiee

531 3789 590 3844 Nec
610 3789 697 3863 [Νεῖ]
718 3807 809 3847 cesses
827 3793 921 3848 enimc
940 3793 1084 3850 effectibus
1103 3811 1220 3865 oreqne;

530 3876 648 3934 Presene
667 3879 790 3936 excoluit
808 3882 857 3950 qni
875 3883 998 3939 studium
1017 3885 1097 3939 tuum

530 3966 616 4021 Musis
636 3971 665 4022 et
682 3969 762 4025 reris
779 3970 978 4041 sollicitudine,

530 4055 638 4112 Absens
656 4073 707 4113 nec
726 4057 809 4116 modo
828 4061 922 4129 deest,
940 4060 1046 4132 ingenii
1064 4080 1174 4134 quoqne

530 4145 644 4202 Vivecis
661 4147 766 4202 nitidos
784 4149 943 4204 accumulet
959 4149 1055 4208 libros.

318 4275 530 4284 ——-——-

406 4361 431 4428 *)
450 4359 491 4414 Cf.
512 4357 613 4430 Opuso.
633 4359 672 4414 111
691 4379 717 4431 p.
739 4368 798 4416 114.
