3322 5068
304 379 368 443 228
610 395 820 444 υιαυνπιτιο
846 397 892 444 nn
917 395 1145 446 uascurnauu

782 541 904 619 ςτροφὴ
928 535 966 616 γ’.

305 640 356 690 ιω
415 627 452 691 ίιίι
477 630 652 693 παναλκεῑς
676 627 752 707 θεοί,

417 734 456 798 hir
480 735 596 798 τέλειοι
620 734 737 800 τέλειαί
760 755 795 800 τε
820 737 878 811 γᾶς
901 737 995 800 τᾶςδε
1019 733 1268 815 πυργοφύλακες

414 839 510 905 πόλιν
533 839 710 924 δορίπονον
733 843 773 921 μὴ
797 839 939 920 προδῶθ’
962 841 1191 922 ἑτεροβιίγμονι
1215 845 1353 925 ςτρατῷ·

306 963 355 1011 loc
415 948 526 1013 κλύετε
550 950 730 1027 παρθένων,
754 948 865 1014 κλύετε
890 948 1062 1014 πανδίκους
1085 946 1291 1030 χειροτόνους
1316 947 1412 1012 λιτάς.

743 1053 936 1134 όντιςτροφὴ
960 1051 998 1133 γ’.

417 1161 455 1225 to
478 1160 568 1240 φίλοι
592 1160 750 1239 δαίμονες,

415 1266 555 1346 λυτήριοί
578 1265 608 1331 τ’
628 1265 824 1348 ἀμφιβάντες
847 1266 942 1333 πόλιν
966 1265 1082 1334 δείξαθ’
1104 1265 1149 1331 ὡς
1173 1266 1377 1347 φιλοπόλεις·

305 1388 356 1437 loo
414 1373 545 1451 μέλεςθέ
569 1371 597 1437 θ’
619 1373 716 1452 ἱερῶν
740 1374 869 1454 δημίων,
895 1374 1064 1454 μελόμενοι
1088 1372 1118 1436 δ’
1140 1372 1291 1454 ἀρήξατε·

414 1479 600 1560 φιλοθύτων
622 1481 657 1544 δέ
681 1501 730 1544 τοι
754 1480 874 1547 πόλεος
897 1480 1016 1560 ὀργίων
1040 1482 1213 1561 μνήςτορες
1235 1480 1304 1545 ἔςτε
1328 1500 1390 1560 μοι.

392 1601 466 1668 Non
501 1602 608 1668 fuerat
639 1603 767 1668 difficile
799 1606 985 1670 universum
1017 1627 1145 1670 carmen
1178 1605 1230 1669 bis
1263 1605 1446 1690 quindecim

304 1712 451 1796 personis
470 1711 517 1776 ita
539 1708 718 1794 disponere,
737 1713 774 1776 ut
793 1713 930 1796 singulis
949 1712 1026 1777 bina
1044 1716 1207 1779 commata
1223 1712 1450 1788 tribuerentur,

303 1822 437 1902 excepto
457 1817 585 1902 quidem
599 1818 787 1904 hagamne,
806 1818 857 1883 eui
876 1818 975 1884 semel
991 1821 1119 1884 tantum
1136 1817 1338 1884 recitandum
1353 1822 1448 1884 esset.

303 1921 365 1988 Sed
397 1921 605 2008 stropharum
636 1923 757 1989 indicia
786 1926 827 1990 ab
859 1929 930 1990 toto
959 1925 1011 1990 vel
1041 1923 1175 1990 dimidio
1208 1924 1305 1990 choro
1339 1929 1448 1991 canta·

302 2037 410 2094 tarum
429 2029 464 2094 in
482 2030 673 2114 quibusdam
693 2030 773 2096 locis
793 2032 907 2116 negari
929 2031 1042 2117 nequit
1064 2034 1231 2115 tamquam
1255 2054 1314 2098 sua
1333 2037 1448 2116 sponte

303 2137 424 2220 offerri,
447 2140 481 2202 et
504 2137 706 2222 apertissime
729 2138 858 2222 quidem
883 2161 902 2203 a
925 2160 954 2203 ν.
981 2137 1045 2204 150
1067 2136 1248 2224 (sequimur
1271 2137 1448 2204 Wsllaucri

302 2240 481 2329 numeros):
505 2245 673 2328 praeterea
697 2243 808 2310 eodem
832 2243 922 2310 valet
944 2248 1120 2310 metrorum
1144 2266 1164 2308 a
1186 2267 1215 2310 ν.
1242 2246 1302 2310 111
1327 2250 1361 2310 et
1385 2246 1448 2311 125

304 2351 527 2435 aequabilitas.
572 2350 695 2416 Deinde
719 2354 828 2416 autem
857 2349 1125 2435 quemadmodum
1149 2351 1184 2416 in
1207 2352 1361 2418 carminis
1384 2353 1448 2417 fine

262 2483 288 2520 ιι
302 2458 444 2522 universi
472 2458 562 2523 chori
586 2458 734 2523 recitatio
757 2479 823 2522 nou
846 2481 865 2523 a
893 2458 1110 2544 singulorum,
1135 2457 1190 2522 sed
1214 2480 1234 2521 a
1257 2462 1446 2525 cunctorum

302 2562 507 2628 invocatione
522 2562 655 2628 deorum
669 2563 786 2647 incipit
806 2562 858 2648 (ἰὼ
878 2567 1051 2630 παναλκεῑς
1070 2561 1161 2650 θεοί),
1180 2564 1227 2629 ita
1247 2587 1328 2650 quae
1348 2565 1448 2630 simil·

282 2669 382 2736 ·lima
404 2669 567 2735 invocatio
591 2667 759 2754 stropham
785 2665 811 2750 β’
834 2671 1061 2754 praegreditur
1084 2669 1158 2735 inde
1182 2672 1342 2751 av.105,
1365 2673 1446 2738 item

303 2777 427 2843 videtur
444 2799 510 2842 una
528 2797 600 2842 cum
620 2776 771 2862 congruis
790 2775 936 2842 versibus
960 2777 1184 2861 antistrophae
1208 2777 1235 2859 β’
1257 2779 1447 2864 praemissis

303 2882 477 2970 (120sqq.)
507 2882 548 2948 ad
576 2883 762 2949 universum
789 2883 924 2950 chorum
951 2883 1130 2951 referenda.
1175 2884 1246 2961 Quo
1270 2887 1359 2952 facto
1383 2885 1447 2950 sin·

302 2991 430 3076 gularia
453 2995 615 3056 commata
638 2995 807 3056 remanent
829 2988 900 3073 XV,
922 3012 940 3054 c
963 2990 1081 3074 quibus
1105 2994 1258 3074 quattuor
1281 2993 1327 3057 ita
1350 2991 1447 3058 collo·

302 3101 376 3163 cata
406 3100 495 3181 sunt,
527 3100 563 3160 ut
594 3097 802 3181 stropharum
835 3097 1084 3162 continuitatem
1116 3097 1334 3184 intercipiant.
1380 3097 1448 3164 Nec

303 3224 418 3268 caussa
441 3201 525 3266 latet
547 3203 615 3267 eius
639 3203 694 3266 rei.
734 3201 820 3267 Nam
844 3223 917 3266 oum
940 3201 1030 3268 chori
1055 3207 1164 3286 partes
1189 3208 1222 3270 et
1245 3206 1448 3290 singulorum

303 3315 412 3396 partes
438 3307 679 3394 choreutarum,
702 3309 729 3372 si
753 3308 902 3373 universe
925 3313 958 3373 et
981 3310 1161 3393 generatim
1184 3332 1252 3376 rem
1272 3334 1449 3398 censemus,

303 3439 340 3481 eo
370 3417 532 3499 differant,
572 3419 607 3480 ut
641 3416 674 3480 hi
707 3415 749 3486 ab
785 3413 923 3499 singulis
953 3415 1129 3500 terriculis,
1162 3438 1245 3501 quae
1274 3418 1308 3482 in
1337 3419 1448 3483 oculos

304 3545 435 3589 auresve
454 3522 653 3606 crepidarum
673 3521 835 3606 virginum
854 3520 1014 3604 incidunt,
1036 3521 1285 3606 proficiscantur
1303 3523 1343 3589 ad
1363 3524 1447 3588 subi-

302 3635 355 3695 tas
392 3629 641 3694 lamentationes
678 3627 858 3692 fundendas
894 3628 1139 3713 legitimamque
1176 3629 1446 3714 supplicationem

304 3736 601 3821 commendandam,
624 3733 711 3799 illius
731 3738 839 3799 autem
862 3735 994 3819 propria
1018 3735 1061 3800 sit
1082 3734 1155 3818 ipsa
1177 3737 1333 3820 precatio,
1356 3735 1446 3801 seda·

304 3845 368 3910 tior
391 3865 430 3908 ea
454 3847 487 3908 et
510 3839 720 3927 aequabilior,
743 3841 966 3924 malorumque
985 3841 1092 3906 brevis
1110 3845 1238 3908 tantum
1257 3841 1298 3908 ad
1317 3865 1445 3908 moven-

303 3953 361 4018 dos
394 3951 527 4017 deorum
560 3951 685 4016 animos
718 3948 906 4033 descriptio:
939 3952 1189 4013 consentaneum
1222 3952 1274 4014 est
1304 3949 1446 4032 primum

303 4059 443 4145 singulis
471 4058 619 4142 personis
647 4055 798 4122 distribui
825 4056 933 4139 ipsum
961 4055 1089 4119 initium
1112 4055 1275 4121 carminis.
1320 4055 1446 4121 Deinde

304 4191 324 4233 a
345 4167 575 4232 lamentatione
603 4168 637 4228 et
665 4163 705 4228 ad
733 4183 920 4228 communes
943 4183 1055 4246 preces
1079 4161 1305 4228 cohortatione
1328 4164 1447 4228 transi·

303 4278 373 4338 tum
388 4277 482 4358 parat
500 4272 616 4338 Martis
631 4269 793 4337 invocatio
811 4291 839 4334 ν.
863 4269 935 4348 102,
958 4269 1048 4334 cuius
1063 4267 1115 4332 dei
1138 4269 1337 4348 αὐτόχθονος
1357 4271 1446 4336 velut

304 4381 440 4445 fortuita
467 4381 590 4445 mentio
618 4378 739 4444 iniecta
766 4379 853 4441 esset
879 4377 995 4441 ultimo
1024 4397 1118 4441 versu
1142 4396 1352 4461 praegressae
1375 4399 1445 4461 per-

304 4507 410 4550 sonae.
456 4485 536 4551 Post
562 4489 709 4550 cantatas
740 4485 848 4549 autem
877 4480 1029 4566 strophas
1058 4477 1088 4546 α’
1109 4479 1135 4562 β’
1163 4502 1337 4566 earumque
1365 4483 1446 4547 anti·
