3318 5072
526 409 598 456 nvo
622 408 885 456 rnoeaanurua
908 407 1094 456 annuatur.
1318 389 1383 454 565

291 552 342 600 488
368 546 440 612 Quoi
462 547 527 603 ΑΜ.
553 547 607 616 Qui
630 547 766 604 aanor.
790 560 842 604 em
866 547 976 613 aasz
1063 548 1099 602 ad
1117 545 1218 602 fundus
1235 547 1330 602 aucas
1347 562 1383 602 ne

237 637 365 692 Bauius.
383 653 419 692 ns
433 636 470 691 ad
483 635 585 691 iimdai
595 635 685 691 uiscus
696 637 762 691 lari
776 653 837 692 cum
850 635 878 690 Δ
933 636 1026 690 uisam
1041 637 1106 704 (pro
1120 635 1239 704 niseum)
1254 653 1267 691 a
1280 636 1383 692 Plauto

236 726 431 796 orammoticus
454 725 617 780 Endlicberi
636 743 666 796 p.
686 717 727 781 97
742 727 824 793 affert
887 723 1027 780 sanese
1087 724 1338 780 Panamara
1354 726 1382 780 Β

235 819 388 883 sequuntur
409 831 436 872 u.
459 819 616 870 551—612
687 820 739 870 483
762 815 876 870 obtume
900 814 924 869 G
979 813 1088 885 peieras
1111 814 1235 870 Botbius.
1259 814 1387 884 periurat

237 903 303 958 iibri
364 902 432 973 quip
450 903 485 958 Β,
506 902 560 972 qni
574 903 630 958 01)
698 908 750 958 484
768 901 839 958 uisci
857 902 992 958 indebant
1010 902 1153 958 Gruterus.
1171 901 1217 958 nii
1230 903 1384 959 uindebanb

237 993 278 1047 eet
291 990 487 1048 uisnindebanb
501 991 592 1049 301).
611 990 796 1047 infundebant
810 990 846 1044 F.
865 990 1048 1046 infundebam
1064 991 1090 1044 Z
1143 990 1244 1061 glauci
1256 991 1285 1044 Β
1329 997 1382 1048 485

955 1081 988 1120 ra

235 1134 276 1190 Eo
302 1134 484 1190 Camerarius.
508 1133 569 1203 Ego
592 1133 659 1188 iibri
721 1129 797 1187 iuffit
818 1137 840 1186 Β
903 1129 1046 1187 fundatior
1063 1133 1094 1186 D
1157 1137 1209 1188 486
1228 1137 1292 1187 arete
1310 1131 1383 1199 Quid

230 1239 365 1292 personae
382 1223 504 1292 spatium
524 1221 580 1277 01)
639 1237 776 1290 quemque
795 1221 832 1288 F,
851 1221 950 1276 Darasa
972 1221 1058 1290 Eapl.
1082 1222 1103 1274 I
1108 1219 1140 1289 V,
1163 1227 1190 1276 2,
1215 1237 1383 1290 quemquem

234 1311 370 1377 BGDZ,
388 1311 531 1366 Bentleius
548 1312 580 1366 in
598 1311 699 1382 Hecyr.
719 1312 747 1380 Ι,
766 1317 792 1378 1,
812 1317 838 1365 8.
860 1309 901 1378 Of.
919 1311 1086 1366 Meuaecbm.
1101 1315 1156 1365 717
1227 1315 1279 1365 487
1299 1311 1382 1365 inter·

235 1401 303 1455 cidit
327 1401 477 1456 versiculus
499 1416 561 1471 quo,
590 1401 659 1470 quid
681 1399 904 1466 tandemoiscus
928 1400 1069 1468 effecisset,
1096 1400 1250 1469 aperiretur
1330 1405 1381 1454 488

235 1488 326 1544 crebri
350 1489 391 1543 ibi
417 1491 448 1544 at
468 1490 503 1545 Β.
530 1488 620 1544 crebri
639 1489 685 1557 Ab,
710 1487 757 1543 sed
781 1494 813 1543 ut
836 1490 862 1543 A
886 1506 900 1544 e
926 1505 995 1544 corr.
1021 1490 1065 1558 sit,
1090 1489 1127 1543 Β.
1153 1487 1229 1544 erebi
1255 1488 1291 1544 ad
1317 1487 1381 1544 ΟΒ.
1395 1499 1455 1540 vm

237 1577 327 1634 crebri
350 1579 385 1632 ad
404 1578 470 1636 FZ.
490 1579 533 1634 Aa
555 1580 661 1632 terram
683 1579 742 1632 tam
761 1577 851 1632 crebri
871 1579 1067 1648 transportabat
1081 1578 1261 1632 Hunnonuus
1332 1577 1380 1632 de·

235 1667 367 1722 ridebant
384 1668 442 1722 ΒΖ
526 1671 578 1722 489
598 1665 739 1722 ceciderat
756 1666 831 1723 DcZ.
851 1667 994 1722 deciderat
1011 1667 1047 1726 F.
1070 1666 1211 1723 occiderat
1229 1666 1382 1722 landinus

315 1757 456 1812 necabant
475 1757 657 1813 (ianuarino.
676 1755 811 1810 necabam
827 1754 924 1825 CDF,
946 1755 1099 1821 Turnebus,
1117 1755 1223 1813 Donec.
1242 1755 1381 1826 negabam

233 1847 268 1902 Β.
291 1847 411 1902 necabat
431 1846 457 1900 Z
536 1852 589 1900 490
607 1843 755 1915 gerebrnm
772 1845 801 1898 Β
878 1861 963 1913 puina
981 1843 1012 1897 F
1090 1840 1139 1898 ina
1156 1843 1210 1898 tibi
1229 1841 1305 1912 quati
1323 1847 1381 1898 tur-

232 1937 323 1990 turem
346 1952 402 1990 uno
425 1951 504 1990 ausu
529 1936 657 1990 coucirua
678 1935 757 2001 iibri,
779 1935 837 1988 nisi
859 1934 931 2004 quod
949 1951 1002 2003 pro
1021 1932 1077 1996 sibi
1094 1935 1125 1988 in
1142 1933 1275 2000 Diioui,
1293 1931 1382 1988 ticin

234 2025 301 2080 Fu.
320 2025 430 2080 Horum
453 2030 544 2080 autern
566 2041 627 2081 cum
650 2024 816 2080 constructio
835 2025 922 2094 piam
939 2024 1085 2091 nudauit,
1109 2022 1282 2092 consmitur
1300 2039 1380 2091 qaae-

233 2116 297 2170 dam
315 2114 484 2171 intercidisse
502 2115 575 2170 velut
593 2115 631 2168 ad
649 2115 699 2168 boc
716 2115 879 2183 mamalum:

409 2222 463 2276 Per
481 2221 625 2276 cerebrum
643 2219 730 2290 pinna
747 2235 798 2274 sua
816 2217 871 2274 eibi
890 2219 1061 2291 [transfixe],
1081 2218 1160 2287 quasi

412 2309 545 2382 [Captum
563 2312 680 2365 uenator
698 2325 784 2378 quom
802 2308 956 2380 transfigit]
975 2309 1121 2363 turturem.

232 2423 284 2473 498
304 2417 344 2474 eit
363 2418 429 2472 iibri
502 2423 554 2472 499
574 2415 673 2471 faciam
694 2416 807 2471 Nauius
820 2433 850 2486 p.
869 2419 940 2474 424,
993 2429 1145 2483 numquam
1164 2413 1295 2486 (iunctus,
1314 2413 1379 2468 Rei-

233 2509 301 2563 rius.
321 2523 372 2561 nec
391 2523 524 2576 nmquam
543 2507 617 2574 iibri,
635 2505 748 2560 Nouius
800 2510 861 2560 494.
881 2521 1000 2574 aequom
1019 2505 1063 2558 est
1076 2503 1206 2574 Guyetue.
1225 2501 1270 2558 eii
1282 2518 1380 2558 aecum

232 2597 267 2650 B.
287 2595 327 2651 est
345 2611 465 2664 aequum
483 2597 583 2664 reliqui
664 2595 776 2650 credere
795 2593 852 2648 Fa
927 2601 979 2650 495
1001 2593 1113 2649 aaran
1128 2593 1216 2648 tribui
1233 2609 1294 2647 mm
1312 2591 1379 2647 FZ:

232 2683 351 2738 Leuca!
374 2685 538 2739 coruiuuaut
560 2683 660 2739 BCD.
686 2683 759 2754 Quos
780 2688 888 2738 secutru
912 2701 931 2737 a
952 2682 1025 2738 Volo
1046 2681 1185 2737 aarum
1206 2683 1380 2750 incentorum

234 2775 299 2841 fecit
318 2773 436 2828 lictoris
455 2789 515 2828 arur
534 2789 614 2842 eoque
635 2772 833 2828 Taubmaunus
890 2777 948 2827 -498
967 2770 1037 2826 mihi
1050 2788 1106 2841 pro
1124 2770 1178 2826 tibi
1194 2771 1222 2825 Β
1276 2769 1381 2826 morior

234 2861 258 2918 0
279 2867 342 2916 aute
365 2878 420 2917 roa.
498 2866 559 2916 497.
578 2867 630 2917 498
654 2861 709 2916 duo
731 2877 825 2916 ausus
847 2866 912 2916 eunt
929 2861 961 2914 iu
979 2859 1015 2930 A,
1034 2875 1149 2929 quanm
1166 2859 1232 2916 haee
1248 2857 1380 2928 reliquiae

234 2955 438 3021 apparuerunt:

397 3073 590 3130 ausonam
612 3102 954 3116 ················
973 3073 1024 3160 uo
1046 3104 1051 3114 ·
1072 3069 1238 3161 Quo-uo

394 3183 462 3237 oon
484 3212 489 3223 -
508 3181 618 3247 uulsa
638 3210 778 3223 ·······
799 3177 1236 3236 ruuuuuauoanoneur

236 3311 295 3363 Pro
312 3309 412 3378 quibus
430 3323 517 3360 unum
533 3306 607 3360 dunc
625 3321 686 3360 curn
703 3307 816 3375 reliquis
834 3306 862 3360 Β
879 3307 971 3361 babet:

393 3432 423 3486 L.
443 3429 582 3486 Anicidta.
602 3431 634 3485 A.
653 3446 709 3484 non
727 3431 820 3486 hercle
839 3433 920 3486 tuum
938 3429 994 3486 iam
1014 3429 1116 3487 elidam
1136 3431 1228 3500 capnt.

239 3558 291 3614 Vbi
309 3558 362 3613 Aa.
386 3554 511 3610 ausculta
533 3571 599 3608 nam
623 3553 717 3610 hercle
742 3559 821 3610 tuum
844 3555 900 3610 iam
919 3555 992 3624 ΓΖ,
1015 3557 1069 3610 Aa.
1088 3553 1232 3610 Ausculta.
1254 3553 1303 3608 Le.
1323 3570 1378 3606 non

232 3647 336 3702 hercle.
355 3646 409 3700 Aa.
429 3643 515 3698 immo
540 3641 597 3699 iam
617 3643 800 3700 Camerarius.
824 3663 881 3700 non
898 3663 952 3716 pro
975 3662 1040 3700 nam
1064 3647 1145 3700 etiarn
1165 3643 1283 3714 Pyladis
1301 3643 1377 3700 codd.

231 3742 288 3792 ont.
345 3741 396 3789 499
420 3731 482 3787 Nisi
504 3734 553 3787 aui
574 3733 696 3788 Reieina.
720 3731 779 3788 Nili
802 3734 868 3790 libri
940 3733 963 3788 ie
986 3733 1051 3789 hinc
1073 3733 1102 3788 in
1123 3732 1251 3805 Pylades.
1277 3731 1331 3788 ibis
1349 3731 1379 3786 iu

230 3881 445 3950 numanum
468 3876 501 3930 a
521 3887 556 3928 a
568 3893 665 3946 praa.
680 3893 711 3945 p.
730 3881 769 3932 aa
838 3835 986 3962 mnino
1053 3881 1105 3932 noo
1124 3877 1229 3932 aarum
1247 3876 1276 3931 n
1295 3877 1377 3932 aaa

232 3989 322 4043 binus.
341 3984 447 4040 Malam
466 3983 540 4050 libri,
565 3983 707 4039 Bentlcius
725 3985 757 4038 in
777 3983 837 4038 Ter.
858 3983 970 4040 Pborm.
996 3983 1028 4052 V,
1047 3989 1075 4051 8,
1093 3989 1139 4049 37,
1157 3989 1188 4038 ui
1209 3984 1376 4037 Menarchus.

189 4139 191 4146 ‚
230 4081 297 4133 388.
317 4069 348 4130 lu
362 4073 466 4128 malam
486 4072 626 4128 Goellerus
643 4075 676 4128 iu
695 4073 778 4130 Truc.
793 4078 859 4143 260,
878 4074 1091 4143 Kampmauuus
1181 4084 1377 4127 ennruunnsr

231 4165 266 4222 A.
292 4167 434 4220 certamus
457 4161 498 4216 eu
521 4163 620 4231 reliqui
694 4169 745 4217 591
770 4163 855 4231 bono]
878 4165 984 4219 hiatum
1006 4179 1056 4218 auo
1078 4163 1157 4218 modo
1182 4161 1378 4216 Lachmannus

233 4255 354 4324 raaudi
375 4253 408 4306 in
429 4250 514 4304 Luor.
534 4268 564 4320 p.
589 4255 643 4306 195
697 4251 842 4321 aphroditi
862 4251 953 4307 BOD
975 4255 1042 4322 (non
1065 4252 1103 4318 A)
1167 4255 1219 4304 509
1239 4251 1327 4318 tuam]
1347 4252 1377 4303 iu

231 4359 277 4396 um
297 4341 324 4394 Β
386 4337 559 4392 meretricem
582 4338 653 4392 mihi
675 4337 711 4394 R.
735 4339 805 4394 mihi
828 4339 1004 4395 meretricem
1027 4341 1093 4395 iibri
1146 4337 1380 4394 munusculamG

286 4434 338 4482 503
358 4427 388 4482 Β.
416 4427 459 4480 lia
476 4426 518 4492 B,
537 4425 700 4483 Saracenas.
719 4427 762 4482 iia
785 4430 896 4482 Mrarrr
918 4431 1109 4485 continuantes
1132 4429 1231 4498 reliqui
1307 4428 1377 4482 mihi

233 4517 329 4574 diuina
350 4516 412 4582 Da,
434 4517 480 4571 sed
504 4514 588 4569 :mihi
611 4513 724 4570 :diuina
747 4516 793 4570 Db
857 4534 886 4572 re
905 4517 954 4572 Da
1027 4521 1079 4572 504
1103 4516 1194 4571 omnis
1214 4534 1274 4572 curn
1298 4519 1377 4572 tibris
