3302 5076
602 428 833 476 nrrsrmscnu
856 429 983 478 neuen.
1297 413 1361 478 637

213 539 404 636 scholastici
430 576 538 656 partes
563 571 791 656 gravissimam
810 593 888 636 sane
912 575 945 636 et
967 571 1165 656 praeclaram
1189 572 1312 638 habent
1330 575 1364 637 in

213 701 247 742 se
275 679 364 762 ipsae
396 679 724 762 commendationem,
752 680 814 744 etsi
843 701 881 744 ex
910 679 1143 744 subolescentis
1174 679 1291 744 aetatis
1323 679 1363 743 ad

212 785 448 850 humanitatem
463 785 693 850 informatione
707 785 857 868 voluptas
872 807 1000 869 quoque
1015 786 1191 869 percipitur
1204 785 1362 850 honestis-

212 892 308 956 sima:
346 895 454 956 tamen
477 891 557 957 haec
587 891 692 958 omnis
722 892 937 975 praestantia,
966 892 1084 977 quippe
1112 913 1193 975 quae
1224 913 1241 956 e
1273 891 1361 955 boni·

212 999 291 1064 tatis
317 1003 350 1064 et
373 999 505 1063 virtutis
529 999 663 1064 notione
686 1003 864 1081 censeatur,
888 998 927 1062 ad
947 999 1090 1064 animum
1110 1003 1143 1062 et
1162 1020 1266 1066 mores
1292 1021 1362 1081 per·

212 1105 310 1188 tinet,
332 1127 396 1170 non
428 1105 569 1188 pertinet
592 1105 632 1168 ad
657 1108 810 1188 mentem,
838 1126 920 1188 quae
948 1104 1038 1170 fonte
1061 1104 1172 1170 divina
1192 1108 1364 1189 prognata,

210 1221 247 1277 ut
269 1211 412 1276 divinam
448 1211 591 1275 indolem
619 1210 790 1274 nutriendo
814 1211 864 1273 sni
888 1209 1026 1274 similior
1048 1212 1120 1296 fiat,
1149 1211 1362 1276 vehementis·

213 1319 295 1383 simo
314 1317 421 1382 studio
449 1317 515 1381 reri
535 1316 751 1401 investigandi
771 1338 898 1381 summo
913 1320 1048 1381 naturae
1067 1317 1222 1383 beneficio
1242 1319 1364 1382 donata

213 1428 276 1490 est·
307 1423 394 1488 Huic
417 1427 526 1488 autem
546 1422 663 1506 stadie,
687 1422 785 1488 insito
805 1423 987 1507 unicnique,
1011 1424 1066 1508 qui
1086 1424 1130 1488 sit
1146 1425 1256 1508 paullo
1280 1446 1363 1488 erec-

212 1531 304 1596 tioris
331 1529 468 1615 ingenii,
506 1529 600 1594 facile
630 1529 832 1614 intellegitur
858 1551 926 1594 uon
953 1551 1049 1613 posse
1077 1551 1115 1594 ea
1143 1531 1228 1595 vitae
1256 1529 1362 1595 condi·

212 1638 303 1703 cione
323 1636 486 1720 satisfieri,
511 1657 593 1720 quae
615 1635 655 1700 ad
679 1657 772 1700 usum
797 1656 998 1701 communem
1019 1641 1145 1720 spectat
1167 1637 1282 1720 solum,
1306 1635 1361 1700 sed

212 1749 299 1810 certo
327 1764 444 1829 genere
476 1743 614 1827 quodam
642 1743 824 1807 litterarum
853 1764 933 1826 opus
967 1765 1037 1808 esse
1065 1744 1132 1808 sive
1162 1741 1361 1826 philosophi-

212 1873 321 1916 carum
341 1849 407 1914 sive
430 1849 658 1915 historicarum
684 1849 829 1934 (quando
847 1849 898 1915 his
917 1849 1041 1915 duabus
1060 1850 1208 1934 partibus
1228 1849 1361 1913 scientia

211 1955 476 2022 humanaomnis
491 1952 799 2039 comprehenditur),
819 1955 903 2039 quod
919 1956 1049 2038 quidem
1063 1976 1176 2041 genus,
1201 1979 1220 2020 a
1243 1975 1360 2040 cogna-

212 2064 256 2128 lis
280 2063 454 2146 generibus
477 2061 671 2127 necessariis
696 2061 854 2126 limitibus
874 2061 1148 2147 discriminatum,
1173 2063 1208 2126 iu
1231 2085 1265 2126 se
1288 2063 1360 2146 ipso

212 2174 247 2233 et
272 2168 467 2252 principium
497 2173 530 2233 et
556 2167 655 2231 finem
678 2167 798 2232 habeat
821 2189 929 2252 snum,
958 2168 1018 2253 vel,
1042 2173 1079 2233 ut
1101 2189 1174 2232 cum
1198 2169 1360 2234 veteribus

211 2278 340 2361 loquar,
370 2275 450 2340 artis
479 2275 618 2340 formam
646 2278 678 2339 et
705 2275 932 2341 necessitatem
958 2295 1036 2358 prae
1067 2297 1101 2340 se
1124 2274 1219 2340 ferat.
1263 2273 1358 2340 llius-

212 2383 431 2448 mediantem
459 2403 512 2446 ars
536 2380 692 2465 quaedam
715 2381 775 2446 illa
804 2385 854 2446 est
880 2381 1092 2468 philologica,
1120 2383 1171 2448 cui
1204 2404 1274 2448 sese
1307 2383 1361 2447 de-

212 2489 287 2552 dere
305 2488 460 2572 ridemus,
487 2492 702 2572 quotcumque
723 2491 867 2553 veterum
891 2487 1076 2573 linguarum
1100 2488 1248 2554 doctores
1267 2489 1360 2556 scho-

211 2593 318 2658 lastici
336 2615 371 2658 se
388 2615 501 2678 sapere
521 2617 618 2678 supra
639 2595 754 2681 vulgus
774 2596 887 2661 volunt
905 2595 1015 2680 fruges
1031 2617 1220 2662 consumere
1234 2599 1358 2662 natum.

213 2700 321 2785 Atque
344 2701 393 2766 ita
411 2701 549 2786 demum,
568 2703 754 2767 consociata
771 2725 845 2770 cnm
864 2703 1050 2768 scholastici
1070 2703 1251 2788 magisterii
1266 2725 1360 2788 prae·

213 2809 284 2872 miis
317 2811 446 2873 strenue
477 2812 648 2894 perceptae
680 2809 761 2874 artis
793 2809 974 2893 voluptate,
1003 2831 1079 2874 vera
1106 2809 1163 2873 ille
1190 2809 1358 2875 beatitudo

212 2915 370 2998 nascitur,
403 2936 499 2999 quam
528 2914 682 2999 bipertita
709 2918 827 2980 nature
855 2915 973 2980 indolis
1001 2915 1161 2980 hmanas
1189 2916 1359 3002 efflagitat.

299 3018 394 3085 Nunc
431 3023 549 3098 autem,
585 3025 760 3105 postquam
792 3023 1023 3106 praestitutum
1061 3023 1203 3106 spatium
1235 3024 1357 3088 emensi

213 3149 340 3212 snmus,
381 3125 533 3192 conducit
574 3126 714 3210 reliquas
756 3127 944 3211 disciplinas
981 3128 1239 3214 circumspicere,
1279 3152 1357 3194 num

211 3236 308 3318 forte,
336 3225 417 3319 quae
445 3233 549 3298 adhuc
580 3233 817 3317 exploravimus
845 3235 983 3300 rationis
1007 3235 1218 3318 necessitate,
1251 3259 1355 3302 exem-

212 3343 338 3426 plorum
375 3339 618 3425 comparatione
660 3340 897 3406 collustrentur.
953 3341 982 3404 E
1020 3343 1137 3426 quibus
1175 3341 1356 3427 disciplinis
1407 3345 1408 3348 ’

210 3448 301 3512 nulla
336 3449 400 3530 est,
437 3467 521 3530 quae
555 3446 674 3510 rectius
710 3468 783 3511 cum
816 3447 996 3534 philologia
1029 3449 1228 3532 conferatur,
1261 3473 1357 3535 quam

211 3552 385 3637 theologia.
430 3550 542 3617 Monet
568 3552 664 3636 hora,
691 3556 727 3616 ut
755 3555 942 3618 summatim
970 3554 1083 3620 dicam.
1131 3556 1176 3621 m
1203 3557 1275 3641 quis
1299 3562 1358 3640 est,

211 3657 288 3742 quin
324 3659 540 3743 persentiscat
576 3659 775 3726 consimilem
812 3661 1035 3726 condicionem
1067 3685 1192 3747 eorum,
1231 3664 1286 3748 qui
1323 3665 1357 3730 in

211 3764 274 3830 hoc
297 3765 399 3829 vitam
422 3749 626 3854 consumunt,
650 3770 687 3831 ut
704 3770 854 3832 aeternae
874 3767 971 3834 saluti
990 3770 1225 3855 prospicientes
1244 3770 1284 3835 ad
1304 3771 1356 3836 dei

211 3871 326 3958 optimi
355 3871 488 3936 maximi
517 3894 676 3958 amorem,
705 3872 745 3939 ed
774 3897 900 3940 morum
929 3877 1202 3961 sanctimoniam,
1220 3877 1357 3962 denique

212 3977 252 4042 ad
281 3979 449 4063 religionis
476 3979 630 4063 pietatem
661 3999 764 4064 genus
793 3981 970 4048 humanum
993 3983 1170 4050 informent
1193 3987 1260 4049 tam
1283 4007 1356 4069 pro-

211 4084 295 4150 lecto
332 4085 532 4170 populariter
564 4091 598 4150 et
630 4087 670 4150 ad
709 4109 911 4153 communem
943 4093 1075 4173 captum
1108 4091 1357 4176 accommodate,

210 4195 279 4255 tam
303 4192 474 4276 neglectis,
504 4195 541 4255 nt
564 4197 614 4256 est
637 4198 904 4278 consentaneum,
933 4195 1191 4280 theologicarum
1215 4197 1355 4282 discipli-

210 4319 326 4361 narum
356 4297 458 4380 copiis
488 4319 525 4362 ac
554 4297 745 4382 luminibus,
775 4305 826 4385 ut,
856 4322 912 4364 cur
942 4302 1073 4366 tandem
1105 4303 1138 4366 in
1171 4303 1230 4367 has
1262 4307 1354 4369 tanto

211 4425 308 4486 opere
322 4403 571 4470 incumbendum
593 4404 645 4488 sit,
663 4427 779 4489 perum
795 4407 981 4490 perspicias,
999 4409 1062 4472 nisi
1079 4409 1208 4493 quidem
1222 4431 1355 4492 poscere

209 4509 270 4578 hoc
298 4509 440 4575 divinam
468 4510 609 4575 indolem
637 4511 737 4576 animi
765 4510 897 4576 humani
927 4514 1125 4599 memineris,
1157 4520 1193 4579 ut
1222 4516 1263 4580 ab
1293 4516 1353 4581 hac
