3338 5072
297 415 362 484 308
586 430 847 483 eboriacensis
870 431 917 482 na
942 431 1152 482 Rarlomsst's

298 579 389 664 epist.
416 579 469 644 17:
498 577 773 644 ‘Transscribitur
801 579 895 646 modo
923 578 1070 663 donoque
1099 578 1246 644 mittetur
1270 577 1352 644 Duci
1375 574 1441 642 Me-

296 685 435 771 diolani,
463 687 518 769 qui
541 707 615 750 eum
638 707 696 770 per
717 686 844 752 litteras
866 686 1053 772 postulavit.
1072 753 1078 760 ,
1099 684 1242 751 Marcbio
1266 685 1345 750 item
1367 682 1442 749 Fer-

295 793 448 858 rariensis
476 793 586 877 petiit:
614 792 745 858 dabitur
773 794 854 876 illis,
882 792 938 858 sed
966 793 1014 858 ita
1042 797 1227 877 corruptus,
1258 795 1294 856 ut
1321 813 1395 858 vere
1423 813 1443 856 a

297 899 443 964 barbaris
457 900 561 964 redire
576 901 777 985 postliminio
791 898 958 966 videatur?
992 901 1036 966 Et
1055 899 1167 984 paullo
1187 902 1278 982 post:
1298 897 1442 980 ‘Nullus

296 1005 376 1070 mibi
396 1006 498 1090 crede,
517 1006 670 1071 Plautum
690 1007 770 1074 bene
788 1005 1010 1090 transscribet,
1028 1006 1092 1071 nisi
1113 1006 1140 1070 ia
1159 1007 1202 1070 sit
1221 1005 1442 1071 doctissimus:

296 1115 347 1176 cst
370 1113 416 1178 ais
440 1114 567 1197 litteris,
591 1114 708 1199 quibus
732 1113 828 1178 multi
851 1113 928 1179 libri
952 1135 990 1178 ex
1015 1112 1167 1196 antiquis,
1191 1133 1272 1197 qnos
1292 1133 1312 1176 a
1330 1112 1442 1176 mulie·

295 1218 383 1284 ribus
407 1221 607 1304 conscriptos
632 1220 775 1286 arbitror
793 1216 841 1305 (!),
863 1219 955 1285 nulla
973 1219 1143 1284 verborum
1162 1218 1389 1302 distinctione,
1403 1223 1441 1283 ut

294 1347 447 1410 persaepe
475 1326 685 1392 divinandum
709 1325 773 1392 sit?
819 1324 941 1390 Verum
967 1325 1030 1390 boc
1052 1325 1092 1390 de
1115 1324 1241 1409 Poggio
1265 1325 1441 1409 quomodo-

295 1452 432 1517 cumque
454 1455 489 1498 se
516 1433 628 1516 habet,
656 1433 715 1498 tali
739 1434 835 1518 quale
862 1432 916 1498 bic
944 1431 1143 1518 significavit
1165 1430 1272 1496 studio
1296 1436 1329 1497 et
1352 1433 1443 1498 indu·

295 1539 375 1603 stria
398 1544 487 1605 certa
510 1545 543 1607 et
565 1543 719 1606 constans
742 1543 822 1606 nata
843 1546 895 1605 est
918 1540 1062 1606 recensio
1081 1538 1251 1624 quaedam,
1273 1541 1441 1624 pertinens

294 1666 333 1709 ea
359 1645 459 1711 etiam
486 1646 527 1712 ad
556 1651 629 1713 octo
653 1646 782 1712 fabulas
805 1645 944 1730 priores:
974 1668 1038 1730 qua
1067 1645 1127 1711 etsi
1150 1645 1298 1710 effectum
1322 1650 1441 1728 estut,

294 1750 349 1834 qui
378 1753 517 1837 scriptor
544 1758 641 1818 antea
669 1757 803 1837 propter
831 1756 985 1837 portenta
1012 1752 1191 1837 scripturae
1218 1752 1323 1828 instar
1350 1775 1441 1838 prae·

294 1857 375 1922 clusi
399 1859 544 1925 thesauri
567 1859 700 1946 fuisset,
722 1881 808 1925 nunc
832 1863 918 1924 certe
941 1860 1051 1945 aliquo
1075 1860 1170 1924 modo
1194 1863 1228 1924 et
1249 1859 1315 1944 legi
1338 1863 1371 1924 et
1392 1860 1442 1924 in·

292 1963 405 2051 tellegi
428 1969 548 2050 posset,
571 1969 667 2051 atque
691 1967 771 2032 adeo
794 1966 894 2033 haud
918 1988 1041 2052 pauca
1069 1967 1270 2031 fatendum
1298 1971 1357 2031 est
1380 1966 1438 2030 vel

175 2097 278 2138 xavru
294 2093 381 2136 vere
405 2073 466 2138 vel
490 2073 756 2158 probabiliter
783 2075 986 2142 emendata
1014 2095 1112 2140 esse:
1140 2077 1250 2137 tamen
1274 2072 1371 2138 simul
1393 2072 1441 2136 in-

294 2177 456 2244 credibilis
480 2178 597 2246 Plauto
622 2181 731 2246 clades
751 2180 845 2245 illata
863 2184 922 2246 est.
960 2179 1147 2264 Numquae
1166 2177 1314 2243 eretilla
1334 2182 1440 2242 aetate

294 2283 424 2350 criticae
447 2288 528 2352 artis
552 2288 760 2352 imbecillitas
779 2292 812 2352 at
830 2292 998 2372 tamquam
1017 2285 1164 2369 infantia,
1188 2285 1379 2369 saepissime
1398 2284 1441 2348 le·

294 2389 411 2474 gitima
447 2392 629 2460 emendatio
662 2395 696 2458 in
729 2414 890 2458 summam
928 2391 1107 2458 coniciendi
1144 2390 1312 2456 libidinem
1345 2392 1441 2456 inter·

293 2495 489 2583 potandique
509 2501 726 2567 temeritatem
747 2501 852 2566 evasit
876 2522 948 2566 cum
972 2520 1091 2585 magna
1108 2495 1254 2562 mutandi
1278 2497 1441 2583 imperitia

171 2667 180 2682 ‚
293 2603 510 2671 coniunctam.
557 2606 647 2684 Quae
671 2608 756 2674 ratio
780 2608 931 2672 universa
955 2628 1027 2672 cum
1050 2605 1204 2670 insecutis
1228 2604 1365 2669 saeculis
1388 2605 1441 2669 lit·

293 2714 417 2777 teratos
445 2712 606 2798 homines,
635 2720 672 2779 ut
699 2715 734 2780 in
762 2715 824 2779 hoc
854 2733 971 2800 genere
999 2734 1115 2798 parum
1144 2712 1193 2776 vel
1221 2711 1367 2776 curiosos
1391 2711 1441 2775 vel

293 2818 481 2905 prudentes,
509 2842 642 2904 prorsus
670 2821 801 2904 lateret,
829 2821 937 2886 evenit
959 2824 996 2886 ut
1018 2841 1090 2886 eum
1119 2823 1195 2884 ante
1219 2815 1440 2883 Camerarium

294 2946 405 2990 omnes
425 2926 583 2994 editiones
603 2928 785 2994 adulterato
805 2926 1015 2993 fundamento
1034 2927 1224 3007 niterentur,
1242 2928 1312 2989 tum
1333 2947 1439 2990 reeen-

293 3031 431 3098 tioribus
459 3055 587 3118 quoque
615 3034 737 3100 multae
765 3056 804 3100 ex
828 3034 945 3100 Italica
973 3033 1031 3098 illa
1054 3031 1305 3116 interpolatione
1329 3030 1440 3097 sordes

293 3137 526 3206 inhaerescent.
572 3141 652 3206 Eius
681 3143 790 3206 autem
820 3140 1016 3205 recensionis
1047 3138 1230 3222 exemplum
1262 3139 1297 3203 in
1329 3139 1461 3222 paucis·

294 3244 426 3328 plenum
451 3243 584 3333 (rectius
608 3248 695 3312 anim
719 3246 848 3331 plenum
872 3247 984 3313 videor
1007 3267 1104 3331 quam
1128 3245 1290 3328 integrum
1309 3240 1439 3328 vocare)
1504 3329 1510 3340 ·

293 3350 328 3414 F
346 3357 505 3435 praestat:
534 3353 624 3420 cuius
653 3354 819 3420 simillimo
849 3354 957 3420 codice
981 3354 1121 3420 secunda
1145 3373 1259 3417 manus
1282 3350 1386 3416 nostri
1410 3349 1443 3414 E

293 3456 368 3522 libri
392 3480 451 3523 usa
473 3460 507 3523 in
529 3457 614 3526 hunc
638 3483 764 3526 summa
786 3460 948 3527 industria
975 3462 1088 3527 intulit
1116 3459 1322 3544 corrigendo,
1350 3457 1439 3543 quid·

294 3563 371 3646 quid
405 3587 424 3629 a
455 3565 581 3650 primae
614 3589 729 3632 manns
763 3566 924 3652 scriptura
956 3566 1142 3651 discrepans
1176 3564 1210 3628 in
1242 3564 1299 3629 illo
1331 3561 1439 3628 codice

293 3670 554 3753 deprehenderet.
600 3671 651 3736 lta
679 3673 779 3758 igitur
808 3672 932 3738 factum
955 3677 1006 3738 eat
1028 3677 1078 3756 ut,
1106 3695 1179 3738 cum
1201 3669 1368 3736 Vrsiniani
1391 3669 1439 3732 in·

292 3776 400 3842 dolem
414 3777 472 3842 Eo
491 3782 723 3863 repraesentet,
741 3780 872 3863 plenum
892 3780 1107 3866 interpolatae
1124 3776 1321 3846 recensionis
1336 3796 1439 3840 erem-

293 3882 383 3967 plum
406 3882 461 3948 Et
484 3882 671 3950 babeamus.
708 3884 822 3971 Aque
845 3888 940 3971 pleno
965 3886 1112 3970 exemplo
1137 3885 1236 3950 variis
1260 3881 1439 3948 intervallis

293 3991 350 4055 alii
374 3990 509 4075 codices,
532 3991 625 4075 eique
648 4013 782 4058 numero
805 3992 946 4077 plurimi,
969 3993 1014 4057 ita
1037 3991 1200 4076 recedunt,
1223 4011 1289 4056 non
1313 3980 1349 4054 nt
1371 4010 1439 4052 nm-

293 4119 389 4182 quam
413 4119 515 4163 novae
543 4099 741 4164 mutationes
774 4098 808 4163 in
840 4098 1075 4165 tralaticiarum
1105 4097 1212 4163 locum
1242 4095 1439 4162 substitutae

294 4207 369 4290 sint,
393 4205 449 4270 sed
473 4209 509 4270 ut
528 4228 637 4271 earum
658 4209 749 4290 parte
768 4208 898 4271 tantum
917 4211 1045 4292 recepta
1064 4205 1145 4270 alias
1165 4204 1358 4290 quicumque
1376 4201 1441 4266 fuit

294 4332 473 4397 propagare
497 4313 619 4380 veritus
649 4311 688 4377 ad
718 4314 858 4376 veterem
887 4314 1079 4398 scripturam
1108 4312 1248 4378 redierit
1293 4309 1364 4376 Hac
1387 4309 1440 4376 via

294 4419 414 4482 mixtae
437 4440 455 4482 e
480 4417 514 4482 D
537 4423 570 4484 et
593 4425 625 4482 F
644 4417 697 4504 (ut
720 4418 892 4483 brevitatis
916 4441 1030 4485 caussa
1054 4420 1098 4485 sic
1122 4415 1308 4503 loquamur)
1332 4437 1438 4482 recen-

294 4523 402 4588 siones
426 4529 517 4589 ortae
541 4530 630 4606 sunt,
657 4525 873 4608 interpolatae
897 4525 972 4590 illae
995 4526 1138 4611 quidem,
1166 4525 1221 4590 sed
1245 4525 1368 4590 modice
1392 4525 1439 4588 in·
