3306 5070
310 403 374 466 710
536 417 767 466 nsrnrnrscna
792 404 1013 484 snscnalns,
1036 416 1231 484 snasssnn,

308 563 441 626 numina
465 565 561 646 atque
585 583 677 626 sacra
699 565 865 645 tamquam
885 561 926 625 ab
946 561 1055 645 aliquo
1073 564 1268 645 mystagogo
1288 561 1452 645 explicata

308 673 341 732 et
356 669 445 733 velut
464 669 498 732 in
514 668 686 752 propatulo
705 668 825 751 posita:
874 667 1107 753 praedicabunt
1122 688 1230 731 reram
1249 667 1449 752 solidamque

310 774 514 860 antiquitatis
539 775 641 840 totius
664 775 839 858 imaginem
859 779 896 838 ut
916 773 1033 838 indolis
1053 774 1243 840 excellentia
1263 775 1309 860 ita
1327 774 1450 839 laboris

309 882 524 966 perpetuitate
548 885 581 945 et
604 885 710 946 mente
734 905 754 945 a
772 881 821 945 Tr:
845 880 1053 945 informatam
1078 885 1110 944 et
1133 881 1298 946 duraturis
1322 881 1448 946 littera-

310 1011 382 1053 rum
405 988 624 1053 monumentis
648 987 796 1072 plurimis
820 987 1056 1072 consignatam,
1078 985 1153 1053 hinc
1174 993 1282 1053 autem
1303 988 1450 1074 progeni-

310 1099 379 1158 tam
397 1093 598 1179 philologiae
618 1097 714 1178 atque
734 1092 980 1178 archaeologiae
999 1095 1238 1161 consortionem
1257 1095 1349 1159 illam
1366 1094 1450 1158 fruc·

309 1201 539 1282 tuosissimam,
563 1201 654 1264 cuius
673 1221 730 1284 per
748 1200 906 1282 plurimos
930 1221 1031 1265 annos
1055 1202 1184 1267 unicum
1203 1203 1367 1286 exemplar
1386 1203 1450 1266 eni·

309 1309 417 1373 tuisti:
485 1307 719 1390 praedicabunt
743 1307 858 1371 talium
882 1307 1062 1372 studiorum
1082 1308 1272 1374 salubritate
1291 1309 1451 1374 imbutam

310 1414 542 1498 discipulorum
569 1412 799 1498 frequentiam,
832 1411 907 1478 Tvo
936 1415 1085 1498 exemplo
1114 1415 1377 1499 splendidissimo
1401 1417 1451 1482 vel

192 1533 194 1537 '
309 1521 437 1584 litteras
470 1519 655 1583 ornantium
689 1519 738 1583 vel
771 1518 971 1585 iuventutem
1003 1519 1184 1586 liberaliter
1213 1521 1451 1586 instituentium

311 1627 360 1690 vel
379 1625 521 1708 aliquam
540 1629 668 1709 partem
686 1624 837 1709 publicae
856 1625 971 1690 salutis
991 1631 1120 1691 strenue
1135 1628 1305 1692 tuentium.
1330 1627 1455 1698 Verum

310 1735 361 1797 tot
384 1737 539 1816 tantaque
562 1732 719 1796 beneficia
741 1732 825 1816 quod
846 1732 979 1797 voluisti
998 1731 1038 1796 ad
1056 1731 1140 1798 hano
1159 1733 1366 1816 potissimum
1384 1737 1452 1800 uni-

311 1840 501 1904 versitatem
520 1838 730 1904 Fridericiam
746 1838 956 1903 Guilelmiam
974 1838 1165 1904 Rhenanam
1189 1840 1377 1926 redundare,
1401 1842 1452 1908 oui

310 1969 367 2030 per
395 1946 623 2027 longissimum
651 1945 736 2010 vitae
766 1946 908 2030 spatium
936 1946 1044 2011 decori
1073 1952 1106 2011 et
1132 1947 1250 2012 honori
1277 1947 1311 2012 in
1337 1949 1452 2032 primis

310 2051 416 2133 fuisti,
438 2050 471 2116 id
495 2071 570 2116 vero
594 2051 698 2116 nostri
722 2073 792 2115 esse
815 2050 912 2116 oflicii
937 2052 1156 2136 intellegimus
1179 2056 1273 2118 tanta
1296 2058 1452 2138 quantam

311 2178 447 2242 cumque
471 2161 603 2241 pectora
621 2161 736 2222 nostra
754 2157 887 2242 capiunt
905 2158 1111 2222 observantia
1130 2163 1228 2244 atque
1246 2161 1452 2226 veneratione

311 2264 473 2348 prosequi.
525 2263 586 2340 Qui
615 2285 687 2328 cum
716 2266 961 2330 contentionum
990 2265 1119 2330 illarum
1148 2264 1452 2332 honestissimarum

311 2371 436 2436 fructus
464 2370 644 2436 uberrimos
673 2393 711 2435 ex
740 2372 848 2435 animo
872 2371 947 2436 Tim
972 2373 1183 2457 gratulamur,
1207 2373 1305 2438 etiam
1328 2373 1452 2457 impen-

312 2478 378 2543 sius
411 2477 575 2542 nobismet
607 2478 687 2562 ipsis
721 2501 791 2542 esse
823 2479 1053 2563 gratulandum
1083 2480 1254 2562 sentimus,
1287 2501 1367 2564 quos
1395 2503 1453 2565 per

312 2591 385 2650 octo
411 2587 587 2650 lustrorum
610 2583 845 2649 faustissimam
869 2585 1117 2650 continuitatem
1141 2587 1330 2670 multiplicis
1355 2587 1454 2652 virtu·

312 2693 354 2756 tis
378 2692 485 2775 gratia
505 2711 542 2754 ac
560 2691 761 2775 praestantia
779 2690 1013 2755 incredibiliter
1032 2691 1238 2758 demerueris
1268 2691 1354 2757 Nam
1379 2716 1453 2759 con-

312 2800 386 2882 lega
413 2795 508 2861 nobis
532 2817 708 2881 numquam
732 2817 798 2860 non
821 2797 931 2861 suavis
954 2802 988 2861 et
1010 2796 1119 2882 fortis,
1152 2803 1282 2863 sanctus
1306 2805 1339 2863 et
1362 2800 1453 2864 intel-

312 2907 437 2989 legens,
469 2925 533 2968 non
566 2901 806 2987 philologorum
841 2906 970 2968 tantum
1004 2904 1121 2969 studiis
1154 2909 1267 2970 auctor
1298 2907 1453 2972 exstitisti

312 3011 538 3097 gravissimus,
566 3009 621 3074 scd
649 3010 836 3095 disciplinas
866 3011 1033 3074 universas
1058 3012 1202 3076 consiliis
1226 3017 1258 3076 et
1281 3013 1454 3096 sapientis·

312 3117 403 3181 simis
426 3121 460 3180 et
483 3117 715 3180 sollertissimis
739 3121 772 3180 et
790 3116 1104 3182 benevolentissimis
1124 3120 1289 3204 amplexus
1309 3122 1454 3184 omnium

312 3223 527 3288 instrumenta
550 3223 674 3306 parasti
701 3222 885 3287 lautissima
907 3224 1101 3308 publicoque
1124 3226 1196 3290 usui
1220 3227 1454 3311 opportunissi-

312 3351 364 3394 me
386 3329 547 3413 patentia:
575 3351 634 3396 nec
657 3328 723 3394 ullo
747 3329 842 3394 modo
867 3330 1042 3394 substitisti
1065 3331 1098 3396 in
1118 3332 1239 3397 litteris
1258 3319 1454 3396 litterarum·

312 3457 373 3519 que
398 3435 512 3499 studiis
536 3435 689 3520 augendis
713 3436 941 3519 promovendis
965 3437 1184 3521 sublevandis,
1213 3438 1269 3503 sed
1296 3437 1383 3502 idem
1406 3437 1454 3521 ip-

312 3542 380 3606 sius
411 3542 632 3606 universitatis
668 3542 807 3606 salutem
838 3542 1030 3626 dignitatem
1061 3545 1287 3610 auctoritatem
1321 3545 1454 3629 eiusque

312 3649 401 3734 leges
429 3670 467 3713 ao
490 3650 562 3712 iura
585 3669 643 3731 pro
667 3649 751 3712 virili
775 3654 867 3732 parte
892 3652 1082 3715 sustentasti
1105 3650 1356 3736 vindicastique:
1394 3673 1454 3717 nec

313 3754 528 3820 academicam
548 3756 678 3818 tantum
696 3776 765 3819 rem
784 3755 947 3839 publicam
968 3756 1040 3819 sinu
1057 3757 1178 3841 fovisti,
1197 3757 1253 3822 sed
1273 3757 1454 3823 communis

313 3859 439 3945 patriae
463 3859 576 3924 florem
604 3864 637 3924 et
660 3881 740 3926 sana
764 3860 917 3926 libertate
941 3861 1123 3928 stabilitam
1146 3863 1285 3948 gloriam
1308 3868 1377 3930 tam
1401 3885 1455 3929 vo-

313 3969 356 4031 tis
381 3966 510 4031 coluisti
534 3965 767 4030 ardentissimis
792 3988 888 4050 quam
912 3967 1075 4031 constanti
1099 3972 1132 4032 et
1153 3961 1374 4051 potentiorum
1395 3991 1456 4034 nu·

313 4075 399 4138 mine
422 4093 488 4136 non
511 4070 701 4154 perturbato
724 4072 832 4136 auimo
856 4071 942 4137 alere
965 4077 1062 4158 atque
1086 4073 1267 4158 defendere,
1296 4079 1455 4160 quantum

314 4182 347 4244 in
371 4179 420 4244 rs
445 4182 528 4260 erat,
551 4199 727 4262 numquam
750 4177 954 4243 dubitavisti:
982 4179 1121 4264 denique
1145 4179 1294 4244 candoris
1318 4186 1352 4246 et
1374 4182 1455 4246 inte-

314 4285 453 4371 gritatis,
476 4285 549 4350 fidei
574 4307 611 4349 ac
634 4285 803 4370 religionis
827 4307 983 4370 veraeque
1007 4287 1041 4350 in
1065 4287 1178 4371 quovis
1201 4307 1319 4371 genere
1342 4287 1455 4352 huma-

314 4393 426 4458 nitatis
442 4393 625 4476 exemplum
644 4391 729 4476 quod
749 4393 985 4458 aemularemur
1004 4393 1133 4458 edidisti
1151 4393 1456 4461 luculentissimum.

314 4497 394 4560 Tam
418 4497 519 4581 igitur
543 4519 651 4561 carum
680 4501 713 4560 et
736 4499 829 4562 nobis
854 4504 887 4563 et
909 4499 1034 4583 patriae
1058 4503 1156 4584 caput
1178 4499 1227 4562 uti
1250 4497 1338 4563 Deus
1363 4501 1455 4584 Opti·
