3302 5076
277 321 342 388 632
654 339 888 388 siranuscna
911 341 1037 388 annun.

277 504 310 546 re
334 481 433 546 verba
456 481 633 566 facturum,
663 503 745 566 quae
773 504 838 546 non
867 483 964 547 mirer
987 483 1015 547 si
1038 481 1130 547 vobis
1155 483 1257 548 multo
1280 483 1421 566 amplius

277 586 402 652 dicendi
427 587 569 670 epatium
597 608 729 670 poscere
757 588 915 672 videatur,
943 610 1040 673 quam
1068 589 1153 674 quod
1178 611 1197 653 a
1221 611 1272 652 me
1300 587 1421 672 expleri

277 694 327 757 vel
358 715 415 776 per
448 692 551 777 ipsius
582 694 765 779 argumenti
798 696 992 779 gravitatem
1024 699 1272 779 nostrarumque
1305 693 1421 758 virium

278 803 470 867 tenuitatem
490 800 604 885 possit,
629 800 678 864 vel
697 822 755 885 per
772 801 868 865 huius
892 802 1120 866 sollemnitatis
1144 800 1422 885 opportunitatem

278 915 481 994 vestramque
514 907 706 992 patientiam
738 907 843 972 liceat.
889 909 937 973 Ac
964 909 1109 994 profecto
1138 909 1193 992 qui
1226 908 1276 972 vel
1308 907 1423 972 leviter

277 1016 473 1100 meminerit,
501 1019 580 1099 quot
607 1018 641 1078 et
668 1019 789 1100 quanta
817 1015 925 1080 studia
956 1019 1150 1100 quantorum
1173 1014 1343 1080 homiuum
1366 1014 1423 1078 illa

280 1123 428 1208 quaestio
461 1121 662 1201 excitaverit,
696 1143 773 1186 num
781 1173 789 1206 ,
821 1144 902 1206 quae
936 1145 1020 1187 nuuc
1051 1122 1118 1186 fere
1146 1143 1163 1185 e
1190 1120 1331 1186 Graecae
1361 1119 1423 1185 Ro·

278 1250 456 1312 mauaeque
490 1228 696 1312 antiquitatis
726 1228 910 1313 cognitione
937 1229 1056 1312 pendet
1084 1228 1299 1294 scholasticae
1331 1226 1422 1292 insti·

278 1335 412 1400 tutionis
440 1336 537 1414 ratio,
566 1357 604 1399 ea
631 1357 706 1400 rere
734 1336 887 1401 salutaris
916 1336 960 1400 sit
986 1336 1137 1400 habenda
1159 1338 1192 1398 et
1220 1335 1334 1419 quavis
1358 1334 1421 1398 alia

278 1443 518 1528 praestabilior,
541 1443 619 1506 item
644 1443 698 1526 qui
721 1442 943 1507 incredibilem
967 1442 1220 1526 discrepantiam
1243 1441 1423 1528 proposita-

278 1573 351 1614 rum
374 1571 412 1614 eo
436 1549 469 1613 in
493 1569 609 1634 genere
634 1549 701 1612 sive
725 1549 914 1633 opinionum
944 1550 1012 1614 sive
1040 1550 1274 1614 sententiarum
1297 1571 1362 1614 non
1386 1572 1423 1613 ex

279 1656 373 1722 editis
401 1659 530 1720 tantum
559 1654 759 1740 privatorum
786 1653 954 1720 bominum
978 1656 1070 1721 libris
1094 1663 1126 1721 et
1148 1657 1266 1721 libellis
1289 1655 1453 1746 noverit·

279 1762 334 1828 sed
363 1784 401 1826 ex
429 1761 595 1826 acerrimis
619 1761 716 1825 etiam
745 1763 1008 1828 contentionibus
1037 1785 1162 1847 eorum,
1191 1763 1245 1848 qui
1275 1762 1425 1846 publicae

281 1870 380 1936 saluti
399 1868 580 1934 civitatium
600 1869 786 1966 consulunt:
814 1870 841 1935 is
866 1891 944 1934 sane
967 1892 1082 1954 parum
1106 1872 1221 1956 sapiat,
1245 1871 1273 1934 si
1297 1869 1366 1934 eius
1390 1893 1424 1932 so

280 1975 328 2042 rei
347 1974 594 2059 amplitudinem
613 1974 705 2039 brevi
726 1977 872 2040 oratione
891 1981 1143 2061 exaequaturum
1163 1980 1278 2062 speret.
1311 1974 1424 2059 Neque

279 2086 342 2151 hoc
364 2083 512 2169 equidem
537 2081 616 2146 mihi
639 2084 810 2168 proposui,
841 2084 897 2168 qui
925 2107 996 2149 cum
1023 2084 1062 2148 de
1088 2086 1182 2150 istius
1208 2083 1424 2150 institutionis

282 2191 474 2257 salubritate
497 2191 567 2274 ipse
590 2211 780 2273 persuasum
803 2191 942 2256 habeam
966 2197 1003 2257 ut
1025 2192 1111 2278 quod
1135 2193 1287 2276 maxime,
1315 2196 1425 2256 tamen

280 2322 344 2365 non
369 2298 429 2364 sim
453 2297 487 2361 in
511 2319 548 2361 eo
573 2296 807 2382 elaboraturus,
830 2297 920 2363 illam
945 2302 981 2363 ut
1005 2304 1271 2386 argumentorum
1289 2299 1322 2364 vi
1341 2319 1427 2364 nuuc

280 2405 458 2488 defendam,
482 2407 515 2469 et
534 2404 651 2488 quibus
671 2404 853 2469 rationibus
872 2405 997 2471 nitatur
1015 2405 1124 2470 dedita
1142 2427 1241 2491 opera
1259 2425 1426 2488 exponam,

281 2511 337 2576 sed
365 2509 406 2575 ab
436 2532 474 2574 ea
501 2510 563 2574 sim
591 2509 795 2594 prolecturus
823 2513 988 2595 tamquam
1018 2533 1171 2576 concessa
1201 2511 1426 2594 communique

281 2639 439 2684 consensu
462 2618 609 2701 probata.
654 2615 741 2682 Nam
764 2639 837 2683 curn
866 2618 946 2683 duas
970 2623 1080 2703 partes
1104 2619 1159 2682 ille
1183 2619 1272 2684 locus
1295 2617 1427 2702 babeat,

282 2725 337 2810 qui
361 2729 411 2789 est
434 2725 473 2788 de
498 2723 597 2788 studii
619 2723 808 2810 philologici
838 2728 871 2788 et
899 2725 1110 2790 scholasticae
1134 2726 1351 2790 institutionis
1374 2748 1426 2790 ne·

283 2830 485 2916 ceasitudine,
509 2853 582 2896 mea
600 2831 728 2916 quidem
748 2832 852 2896 oratio
873 2831 912 2896 ad
931 2831 1010 2896 illud
1035 2833 1139 2917 magis
1163 2855 1260 2918 quam
1285 2832 1325 2897 ad
1344 2833 1427 2898 hauc

163 2943 166 2950 '
284 2938 455 3022 spectabit,
478 2960 537 3002 nec
561 2937 600 3002 ad
624 2937 815 3002 discentium
839 2938 947 3022 potius
971 2960 1067 3022 quam
1087 2938 1126 3003 ad
1146 2937 1329 3004 docentium
1349 2962 1427 3004 usus

282 3045 472 3130 pertinebit,
501 3045 550 3109 vel
579 3049 616 3109 ut
644 3044 744 3108 etiam
771 3044 899 3129 planius
927 3044 1005 3130 quid
1035 3045 1115 3109 mihi
1138 3045 1235 3110 velim
1259 3046 1427 3129 declarem,

282 3153 317 3217 in
339 3174 377 3217 eo
397 3152 589 3235 versabitur,
612 3155 656 3235 ut,
680 3174 763 3236 quae
782 3153 826 3216 sit
845 3152 925 3216 artis
945 3151 1160 3237 philologicos
1180 3156 1212 3216 et
1231 3151 1316 3217 vitae
1336 3151 1427 3216 scho-

283 3258 415 3324 lasticae
439 3281 513 3324 cum
536 3259 697 3324 discordia
718 3263 789 3323 tum
812 3259 993 3342 concordia,
1016 3260 1161 3344 patefiat.

372 3365 715 3451 Circurnrpicientibus
739 3367 834 3431 nobis
859 3366 1053 3432 scholastica
1072 3366 1246 3452 institutio,
1269 3367 1427 3451 siquidem

284 3495 300 3538 e
325 3473 451 3557 potiore
480 3473 530 3538 sui
559 3478 652 3558 parte
680 3478 841 3557 censetur,
865 3478 1002 3558 apparet
1025 3496 1123 3558 penes
1147 3497 1216 3558 eos,
1245 3475 1298 3559 qui
1323 3474 1427 3559 pbilo-

283 3579 408 3664 logiam
427 3581 628 3663 profitentur.
664 3580 747 3645 ltem
770 3603 839 3664 nos,
863 3604 879 3644 e
900 3603 1036 3666 quorum
1057 3581 1228 3664 disciplina
1246 3581 1429 3647 academica

284 3684 468 3751 scholarum
492 3687 640 3751 doctores
661 3688 815 3751 maiorem
835 3692 960 3772 partem
981 3688 1150 3772 prodeunt,
1173 3687 1265 3752 nulla
1283 3689 1343 3752 hos
1363 3688 1429 3751 alia

284 3793 409 3859 ratione
433 3793 473 3857 ad
497 3793 703 3859 erudiendam
728 3794 979 3860 adulescentiam
1003 3794 1229 3880 informamus,
1257 3795 1318 3859 nisi
1343 3794 1428 3879 quod

285 3901 470 3987 philologos
490 3901 683 3986 effingimus.
721 3901 869 3966 Studium
894 3905 1003 3966 autem
1026 3901 1223 3987 philologiae
1247 3925 1319 3968 cum
1340 3903 1428 3967 nullo

285 4011 432 4092 tempore
463 4030 529 4074 non
559 4007 840 4093 comprehenderit
869 4009 1032 4091 permulta
1064 4010 1105 4074 ab
1138 4032 1199 4073 usu
1232 4009 1428 4074 scholastico

286 4115 406 4199 aliena,
439 4119 509 4180 tum
542 4115 576 4178 in
608 4115 765 4179 hodierna
796 4115 978 4180 litterarum
1008 4117 1078 4180 luce
1108 4119 1202 4180 tanta
1230 4116 1429 4180 incrementa

287 4223 381 4306 cepit,
405 4225 442 4285 ut
465 4221 698 4304 propemodum
721 4244 808 4286 nova
826 4221 997 4306 disciplina
1015 4222 1185 4286 exstiterit.
1222 4221 1428 4286 Intellectum

287 4331 337 4391 est
359 4327 464 4411 hodie,
488 4349 569 4413 quae
593 4328 670 4392 olim
694 4329 721 4393 si
745 4350 811 4394 non
834 4333 1021 4414 contempta
1040 4329 1218 4409 iacuerunt,
1241 4331 1327 4391 certe
1345 4330 1428 4392 tam·

288 4455 384 4516 quam
415 4435 605 4500 secundaria
635 4440 667 4500 et
691 4435 826 4500 fortuita
849 4437 938 4501 velut
961 4435 1146 4520 appendicia
1170 4434 1241 4498 loco
1264 4433 1429 4498 habeban-
