3338 5072
519 423 782 476 EMENDA'HONIS
806 425 1009 474 calumnas.
1280 407 1346 472 305

198 569 336 636 diximus
359 593 398 636 ex
418 568 594 637 Germania
617 573 734 638 allatus
759 575 854 648 esset,
877 590 934 635 suo
954 569 1022 634 iure
1043 567 1202 655 Georgius
1220 568 1347 636 Merula

200 677 308 760 potuit
325 677 360 742 iu
379 679 580 763 praefatione
600 681 676 745 anni
696 696 940 746 moccccnxxn
959 677 1033 742 illas
1052 676 1236 744 comoedias
1256 676 1345 763 ‘qua-

198 783 349 868 draginta
372 785 489 850 abhinc
514 787 607 852 annia
631 785 794 872 repertas'
817 786 935 868 dicere,
964 806 1030 851 non
1053 805 1169 850 curans
1192 785 1343 869 pauculo-

198 911 269 954 rum
289 913 446 958 annorum
465 892 647 959 discrimen.
681 894 735 958 Ab
754 893 816 959 hoc
835 895 944 957 autem
962 893 1150 957 testimonio
1164 891 1345 976 profectum

199 1017 269 1061 esse
283 996 509 1065 ΤΗΑΒΒΑΜ
526 1000 726 1066 Voonnnvnr
750 1003 895 1085 apparet,
918 1001 974 1084 qui
997 1000 1032 1063 in
1055 998 1258 1085 praefatione
1282 999 1346 1062 edi·

199 1101 298 1166 tionis
330 1103 515 1172 Parmensis
548 1131 576 1172 a.
605 1125 722 1174 cromx
755 1107 892 1172 emissae
924 1106 964 1171 de
993 1099 1140 1190 tempore
1171 1104 1345 1170 manifesto

199 1211 405 1276 consentiens
435 1213 518 1278 alius
547 1213 594 1278 rei
625 1214 817 1278 memoriam
840 1211 949 1297 paullo
974 1211 1215 1277 obscurioribus
1239 1213 1344 1277 verbis

200 1315 251 1380 his
271 1317 458 1384 admiscuit:
482 1319 526 1384 ‘si
541 1321 644 1385 codici
659 1341 731 1386 meo
745 1319 825 1384 fides
844 1317 1027 1385 adhihenda
1040 1318 1189 1384 Basileae
1203 1321 1345 1404 ascripto

200 1439 324 1489 nxxvn
353 1423 472 1491 abhinc
500 1448 598 1492 anno:
637 1449 674 1491 ex
703 1448 741 1492 eo
775 1424 951 1511 exemplari
984 1447 1001 1489 e
1033 1447 1097 1510 quo
1129 1442 1179 1490 x11
1212 1425 1345 1492 ultimae

200 1531 383 1598 comoediae
411 1533 582 1599 Plautinae
615 1555 784 1599 emanasse
814 1531 987 1598 dicuntur.'
1033 1531 1070 1598 Id
1102 1554 1166 1618 quo
1199 1537 1345 1618 spectare

201 1637 356 1724 videatur,
374 1639 502 1723 planius
521 1661 560 1704 ex
578 1639 707 1704 Alherti
728 1639 768 1705 de
781 1638 854 1724 nyb
869 1636 953 1724 (sive
967 1639 1006 1703 de
1020 1635 1161 1724 hlyhen),
1181 1639 1344 1704 vernaculi

200 1743 398 1811 Bacchidum
429 1747 633 1832 interpretis,
665 1747 851 1813 narratione
880 1745 1081 1830 intellegitur
1108 1767 1136 1810 a.
1166 1762 1344 1814 croloxvnr

199 1851 320 1916 chartis
348 1853 540 1938 consignata
568 1875 606 1919 ac
633 1853 771 1918 tortasse
801 1875 867 1918 non
896 1851 1025 1917 aliunde
1054 1852 1117 1916 nisi
1145 1873 1183 1916 ex
1211 1850 1345 1936 Vgoleti

199 1957 401 2040 praelatione
428 1960 545 2044 petita:
575 1958 689 2025 ‘Dicae
717 1959 861 2026 hernach
889 1959 999 2024 nw'olff
1022 1955 1253 2042 geschriehene
1282 1956 1342 2024 Co·
1357 1967 1435 2008 XMV

201 2064 349 2130 moedien
373 2066 458 2132 scint
479 2067 574 2150 lange
603 2066 666 2130 neit
694 2066 756 2131 vol
785 2067 846 2148 bey
869 2063 1090 2129 funffhundert
1113 2063 1247 2149 Jahren,
1269 2064 1347 2131 oder

201 2170 301 2250 mehr,
320 2172 490 2237 verlohren
509 2172 574 2237 und
594 2171 774 2257 verborgen
794 2191 955 2254 genesen:
974 2169 1039 2235 und
1057 2170 1194 2236 newlich
1212 2173 1247 2237 in
1266 2172 1345 2239 Con·

200 2277 277 2342 cilio
300 2301 339 2342 au
358 2267 455 2344 Basel
479 2277 579 2344 wider
601 2277 764 2362 gesunden
784 2275 936 2342 worden!
972 2276 1141 2343 Fieticium
1160 2279 1222 2346 hoc
1241 2302 1346 2366 omne,

200 2405 396 2469 quamquam
423 2385 464 2451 n'c
487 2383 670 2450 Niebuhrio
698 2384 827 2469 quidem
851 2383 967 2468 Opuse.
991 2383 1006 2448 Ι
1030 2408 1060 2470 p.
1087 2385 1149 2450 163
1172 2387 1344 2472 quicquam

153 2549 154 2552 ,
200 2491 390 2575 suspitionis
418 2514 567 2558 movens:
596 2493 708 2558 fictum
736 2495 845 2556 autem
875 2491 917 2556 ah
947 2492 1007 2576 eis,
1035 2493 1089 2576 qui
1114 2513 1186 2558 cum
1209 2496 1344 2579 quadra·

200 2598 359 2682 gesimam
387 2623 406 2663 a
434 2598 578 2664 Merulae
605 2598 808 2684 praefatione
838 2619 956 2663 annum
985 2598 1131 2663 viderent
1158 2600 1192 2664 in
1219 2602 1250 2666 id
1279 2602 1345 2666 lere

199 2707 328 2788 tempus
351 2704 501 2789 incidere,
524 2728 588 2791 quo
612 2704 785 2770 concilium
808 2704 996 2769 Basileense
1019 2702 1169 2769 habitum
1193 2711 1279 2772 essct
1296 2713 1346 2771 tot

202 2812 345 2896 antiquis
374 2812 587 2897 scriptoribus
616 2811 755 2896 primum
779 2811 918 2895 repertis
942 2811 1083 2895 illustre,
1106 2809 1222 2876 horum
1245 2813 1345 2877 socie-

203 2918 271 2982 tate
294 2915 445 2983 Plautum
469 2939 596 3003 qnoque
620 2923 653 2983 et
675 2916 766 2982 facili
789 2921 822 2980 et
844 2917 909 2982 levi
932 2917 1116 2983 coniectura
1139 2919 1346 3003 eomprehen-

199 3023 319 3090 derent.
365 3024 571 3118 Confidenter
606 3025 692 3090 enim
721 3024 863 3089 iudicare
891 3025 980 3108 licet,
1008 3024 1092 3109 quod
1120 3047 1186 3093 non
1213 3048 1251 3092 ex
1282 3028 1345 3093 alio

200 3131 264 3195 nisi
283 3153 322 3196 ex
335 3130 515 3198 Vrsiniano
534 3132 679 3197 novicios
698 3131 799 3196 libros
819 3131 973 3197 oriundos
988 3152 1058 3196 esse
1076 3131 1150 3216 ipsa
1168 3135 1346 3217 scripturae

200 3240 413 3325 congruentia
436 3240 565 3306 clamat
611 3239 663 3304 lta
685 3237 771 3324 quod
795 3261 823 3304 v.
847 3238 889 3303 56
914 3239 947 3303 in
971 3237 1108 3304 noviciis
1132 3239 1224 3304 libris
1249 3262 1345 3324 prave

200 3345 321 3430 legitur
343 3346 513 3428 &nuntiet
536 3345 568 3412 id
592 3345 665 3410 inde
689 3350 796 3410 ortum
821 3349 878 3424 ert,
901 3346 986 3432 quod
1006 3346 1144 3430 simplici
1162 3346 1297 3428 nuntias
1312 3347 1345 3412 in

200 3472 264 3516 uno
283 3449 318 3516 D
336 3453 590 3537 superscriptum
614 3456 664 3517 est
686 3455 731 3517 dc.
767 3452 819 3518 Ita
842 3457 1010 3537 corruptae
1034 3475 1063 3518 v.
1082 3453 1147 3518 926
1167 3453 1346 3538 scripturae

201 3559 310 3640 loqrcar
331 3579 367 3622 ca
384 3557 527 3642 presenti,
551 3559 676 3640 loquare
693 3561 722 3624 ei
738 3559 895 3641 praescisti
913 3559 1073 3643 originem
1092 3583 1109 3624 e
1128 3583 1162 3624 re
1181 3560 1347 3625 levissima

199 3665 260 3730 hac
288 3665 461 3749 duxeruut,
488 3667 573 3750 quod
602 3689 674 3732 cum
707 3669 816 3750 loquar
842 3667 976 3750 capseati
1003 3669 1055 3733 vel
1084 3669 1209 3750 bqucre
1230 3669 1346 3748 absenti

199 3771 267 3838 Bc
290 3772 447 3856 habeant,
474 3772 567 3838 exilis
598 3774 719 3840 lineola
749 3795 919 3859 perperam
949 3776 1087 3840 accessit
1116 3776 1149 3841 in
1180 3775 1214 3840 D
1237 3776 1346 3857 loqrrar

199 3900 235 3944 ec
258 3878 371 3966 piscati,
399 3900 496 3963 qnam
524 3881 604 3946 adeo
633 3881 774 3946 servavit
795 3881 835 3946 F.
881 3880 971 3948 Idem
993 3882 1029 3947 F
1047 3881 1133 3967 quod
1157 3904 1186 3947 v.
1210 3882 1275 3946 929
1298 3883 1345 3946 in-

199 3985 344 4068 sipienter
367 3986 507 4071 exhibet,
531 3989 633 4054 solam
657 3988 756 4054 hahet
778 3988 864 4054 hanc
882 4011 1039 4073 caussam,
1062 3988 1146 4073 quod
1165 3989 1345 4073 proficisce-

200 4093 296 4158 hatur
324 4117 343 4157 a
371 4093 490 4158 calami
518 4115 625 4159 errore
658 4116 721 4179 quo
753 4095 787 4159 in
816 4095 851 4159 D
877 4095 1071 4178 insipientior
1100 4095 1258 4179 scriptum
1286 4117 1346 4178 pro

199 4201 234 4264 in
249 4201 404 4282 ipicntior.
449 4200 605 4265 Eiusdem
633 4201 756 4265 librarii
785 4223 892 4267 errore
921 4223 992 4266 cum
1021 4223 1050 4267 v.
1072 4202 1139 4266 450
1166 4201 1202 4265 in
1229 4201 1264 4265 1)
1284 4200 1347 4281 sot

199 4327 324 4372 uxoren
347 4307 490 4391 positum
514 4309 600 4372 esset
622 4328 681 4391 pro
704 4327 830 4372 uxoren
852 4307 920 4391 (dri,
942 4308 1092 4390 neglecta
1115 4329 1154 4372 ea
1171 4311 1259 4389 nota,
1283 4328 1346 4391 qua

201 4412 255 4476 ille
279 4435 420 4478 errorem
448 4415 519 4499 ipse
543 4413 748 4494 correxisset,
775 4436 895 4498 pravus
923 4414 1002 4479 ordo
1026 4415 1060 4478 in
1082 4414 1185 4479 ΕΓΖ
1206 4414 1347 4478 transiit.

201 4515 389 4583 Consimilis
413 4520 506 4604 origo
530 4520 658 4585 horum:
681 4541 842 4602 numeram
866 4544 894 4586 v.
918 4521 992 4604 336,
1014 4541 1135 4609 quapup
1158 4521 1193 4586 in
1219 4521 1251 4587 Z
1271 4521 1346 4606 341,

255 4640 295 4675 na.
315 4641 465 4678 siracusam
486 4643 623 4678 orvscvna
643 4643 668 4677 v.
889 4685 891 4690 ¹
1097 4631 1132 4681 20
