3322 5068
524 407 658 454 serena
682 409 729 454 Ao
753 408 889 456 reeens
912 408 1064 456 ernono.
1300 391 1366 456 225

223 553 256 614 et
278 571 329 614 me
353 553 386 614 et
413 549 535 615 editore
564 550 668 616 invito
695 549 817 615 factam
845 551 909 616 soli
937 549 1046 615 deberi
1069 550 1275 636 plagulamm
1300 574 1367 617 cor·

222 656 340 721 rectori
354 654 526 740 lipsiensi,
549 657 606 741 qui
624 659 733 724 nescio
752 679 816 741 quo
835 657 904 722 iure
922 679 1005 741 quae
1024 677 1090 720 non
1104 655 1249 723 Passovii
1267 680 1366 725 manu

223 763 364 846 ascripta
387 762 422 828 in
444 764 590 849 margine
614 765 738 830 videret
760 768 793 828 et
816 763 896 830 adeo
918 767 1095 830 testaretur
1113 765 1366 849 conglutinandae
1380 781 1406 822 τι

222 891 294 933 cum
313 868 522 934 Passovianis
546 874 579 936 et
601 893 674 935 cum
693 871 797 936 doctis
816 869 1005 936 bominibus
1024 871 1291 936 communicanda
1310 895 1366 957 pu·

222 977 314 1041 tavit.
351 973 415 1040 Sed
438 976 590 1061 quoniam
613 982 759 1062 potestas
782 999 848 1042 non
872 980 922 1042 est
945 976 1086 1056 ἀγένητα
1109 981 1214 1044 ποιεῖν
1238 978 1303 1044 dcc'
1326 979 1367 1044 ἂν

222 1084 241 1168 ᾖ
272 1085 494 1164 πεπραγμένα,
523 1084 710 1150 emacutabo
739 1085 855 1150 saltem
883 1087 916 1148 ct
945 1083 1052 1168 aliqua
1081 1101 1119 1150 ex
1143 1088 1236 1170 parte
1259 1087 1366 1152 deien-

223 1189 311 1274 dam,
334 1211 416 1275 quae
439 1190 545 1256 aliena
569 1192 665 1276 eulpa
686 1191 867 1257 deformata
890 1191 1111 1256 innotuerunt.

310 1296 355 1362 Et
391 1299 432 1363 ab
470 1319 554 1364 anno
597 1298 726 1384 quidem
769 1293 1070 1380 ololnoooxxx,
1111 1321 1175 1384 quo
1213 1299 1367 1385 Aeschyli

223 1402 354 1489 Septem
373 1405 414 1470 ad
428 1405 558 1471 Thebas
576 1405 715 1489 publicis
735 1403 857 1470 scholis
875 1405 1016 1490 primum
1036 1427 1107 1471 sum
1126 1406 1367 1490 interpretatus,

223 1534 296 1576 cum
315 1533 501 1596 numquam,
524 1511 581 1576 ubi
600 1511 640 1577 ad
660 1511 824 1576 eboricum
844 1532 973 1576 carmen
990 1511 1130 1596 primum
1149 1513 1218 1578 eius
1237 1511 1367 1578 fabulae

223 1624 353 1684 ventum
377 1622 460 1702 erat,
484 1619 522 1684 dc
546 1618 680 1703 reliquis
703 1617 951 1682 difficultatibus
974 1617 1070 1683 buius
1093 1619 1207 1704 paredi
1230 1618 1367 1705 explica-

223 1727 286 1791 tius
307 1725 412 1790 dicero
432 1725 537 1808 omisi,
561 1728 630 1790 tum
654 1725 693 1789 de
717 1724 861 1789 metricis
884 1725 1066 1790 rationibus
1090 1726 1136 1790 sic
1159 1725 1309 1810 iudicavi,
1332 1731 1369 1792 ut

223 1833 412 1918 ambiguum
430 1853 501 1898 esse
520 1852 694 1915 monerem,
717 1835 866 1898 essentne
885 1831 1100 1915 antistropbis
1119 1832 1367 1898 lamentantium

223 1940 387 2024 virginum
410 1939 510 2006 verba
532 1939 732 2024 disponenda
755 1961 797 2004 an
819 1959 885 2003 non
909 1941 1024 2002 esseut
1061 1937 1158 2004 Mitto
1180 1962 1266 2006 nune
1285 1961 1369 2025 quae

223 2048 290 2112 scre
304 2047 471 2132 disputare
484 2046 520 2111 in
535 2050 705 2130 utramque
719 2049 846 2130 partem
866 2045 1096 2130 consueverim,
1119 2068 1255 2130 quorum
1274 2069 1368 2131 expo·

223 2153 300 2219 sitio
319 2152 458 2237 amplius
474 2153 537 2218 sibi
556 2153 700 2237 spatium
719 2152 840 2237 poscit3
859 2155 987 2216 tantum
1002 2151 1094 2235 addo,
1113 2151 1367 2238 antistropbicae

222 2259 444 2344 responsionis
476 2259 668 2345 quibusdam
701 2259 734 2324 in
772 2257 921 2344 partibus
959 2263 1010 2324 tot
1041 2263 1173 2345 tamque
1205 2258 1369 2326 luculenta

224 2367 363 2451 vestigia
386 2370 503 2450 extare,
526 2372 563 2432 nt
585 2367 641 2454 qni
664 2389 722 2452 per
741 2367 927 2432 universum
951 2388 1081 2432 carmen
1103 2370 1281 2452 potuisse
1303 2367 1367 2434 for·

222 2476 309 2538 tasse
332 2474 422 2539 illam
447 2475 608 2558 pertinere
633 2473 800 2558 statuerit,
828 2473 859 2538 ei
881 2477 967 2540 certe
991 2474 1138 2558 exemplo
1162 2475 1280 2564 aliquo,
1303 2498 1367 2561 quo

222 2601 323 2664 usque
355 2581 508 2664 progredi
541 2580 575 2645 in
604 2579 666 2646 boc
699 2601 817 2666 genere
849 2580 975 2664 liceret,
1007 2581 1240 2646 ostendendum
1270 2581 1368 2646 fuerit

222 2692 256 2750 ct
278 2687 333 2752 via
356 2686 582 2771 monstranda,
612 2709 678 2772 qua
701 2687 864 2752 incedenti
887 2687 1026 2771 cuipiam
1050 2686 1176 2753 felicius
1200 2688 1367 2754 succedere

223 2793 424 2878 singulorum
452 2792 634 2860 emendatio
662 2797 782 2878 posset
828 2793 997 2858 Eiusmodi
1026 2794 1218 2880 exemplum
1233 2795 1367 2880 reliquis

223 2899 319 2985 longe
341 2901 544 2985 probabilius
568 2899 634 2964 dixi
663 2899 745 2964 illud
769 2922 839 2964 esse
862 2900 948 2985 qnod
971 2923 990 2964 a
1014 2897 1157 2966 Seidlero
1181 2905 1231 2966 eet
1252 2924 1368 2986 propo-

222 3006 334 3092 situm,
357 3007 414 3072 sed
437 3011 547 3073 tamen
570 3008 618 3071 ita
640 3006 703 3071 boe
727 3007 834 3090 ipsum
862 3009 1095 3092 comparatum,
1118 3011 1155 3072 ut
1173 3008 1365 3092 quibusdam

222 3113 256 3177 in
284 3113 364 3178 locis
393 3113 490 3178 etiam
519 3113 626 3178 limari
654 3116 688 3178 et
711 3111 822 3197 perfici
846 3135 941 3196 posse
967 3114 1137 3180 videretur.
1183 3113 1276 3190 Quod
1299 3115 1367 3200 qui·

223 3218 296 3282 dem
321 3217 381 3285 hac
405 3220 512 3303 specie
535 3219 643 3286 studui
668 3219 841 3284 declarare.

688 3397 855 3482 Προῳδόε.
879 3397 895 3460 I

337 3507 477 3586 θρεῡμαι
501 3508 626 3586 φοβερὰ
651 3504 762 3584 μεγάλ’
785 3503 854 3584 ἄχη.

742 3623 780 3694 α’.
805 3627 837 3692 ll

335 3743 475 3816 μεθεῖται
499 3738 629 3816 ετρατὸ(
653 3736 871 3815 (τρατόπεδον
895 3737 1006 3816 λιπών,

241 3859 275 3908 80
334 3844 383 3924 ῥεῖ
406 3848 507 3911 πολὺ(
530 3845 586 3909 ὅδε
611 3846 693 3910 icoc
717 3843 899 3924 πρόδρομοι
922 3843 1068 3908 ῖππόταε.

739 3963 775 4048 β’.
794 3966 841 4030 111

335 4075 456 4154 αῖθερία
479 4075 565 4139 κόνι(
589 4095 626 4153 με
651 4074 753 4138 πείθει
777 4073 909 4152 φανεῖδ,

335 4182 355 4244 ἃ
380 4181 508 4246 ’ventor
532 4183 634 4260 ταφὴ(
657 4179 771 4259 ἔτυμα(
794 4179 932 4257 ἄγγελος
956 4185 1100 4252 ποτᾶται.

223 4427 383 4497 praemissis
410 4427 541 4482 nimirum
566 4425 733 4496 simpliciter
760 4424 804 4479 bis
832 4423 937 4480 verbis:
962 4424 1023 4478 λἿα
1053 4425 1179 4494 margine
1209 4426 1278 4481 haee
1310 4443 1365 4482 non

224 4515 349 4572 Passovii
367 4532 452 4571 maun
471 4514 625 4585 adscripta:
645 4513 839 4570 «Rdcebdo'.
859 4512 888 4566 C.
908 4511 966 4582 W.]

278 4623 318 4658 ra.
339 4624 487 4659 arnseueurr
507 4623 639 4659 orvscvu
659 4623 683 4658 ν.
1121 4609 1153 4658 15
