3338 5072
312 387 378 456 320
601 404 864 454 rnonneounun
887 403 933 452 na
958 403 1168 454 anorournvs

314 553 364 614 est
386 549 682 636 orthographicum.
727 551 764 616 In
796 573 860 638 quo
888 549 951 617 etsi
979 550 1135 636 quasdam
1164 549 1286 614 formas
1315 569 1353 613 ex
1377 548 1457 613 anti-

311 657 441 742 quitate
457 658 612 742 repetitas
636 659 668 722 A
692 681 820 743 quoque
844 660 933 724 solus
957 658 1114 741 servavit,
1141 660 1177 721 ut
1199 661 1332 722 nanctus
1353 679 1382 720 v.
1406 656 1458 738 63,

310 771 501 847 eorrumptor
519 765 593 850 239,
613 767 729 847 lostost
744 767 797 850 43,
815 767 892 851 alia,
913 771 1025 832 tamen
1044 765 1072 830 si
1091 787 1108 829 e
1127 763 1334 828 multitudine
1353 785 1457 829 exem·

311 871 438 955 plorum
466 868 621 936 iudicium
647 870 763 953 facias,
797 871 860 936 diei
889 869 942 937 vix
969 875 1079 956 potest
1106 874 1228 955 quanto
1256 871 1389 955 propius
1418 871 1457 935 ad

311 977 413 1061 ipsius
436 982 552 1061 poetae
576 981 717 1042 aetatem
739 977 964 1043 Palatinorum
979 978 1039 1043 ‘vel
1060 982 1100 1043 'ut
1127 977 1248 1042 reetius
1271 977 1376 1042 dinam
1400 977 1458 1042 Pa·

279 1139 281 1144 ,
311 1083 404 1149 latini
428 1085 462 1148 B
485 1085 643 1150 memoria
673 1107 770 1169 quam
794 1085 1002 1150 Ambrosiani
1026 1085 1166 1169 aooedat,
1193 1085 1228 1150 in
1252 1105 1316 1168 quo
1340 1084 1460 1167 saepis-

311 1192 392 1256 sime
421 1213 505 1274 eum,
535 1197 634 1274 oeno,
662 1193 783 1271 saluus,
813 1197 858 1257 est
886 1192 1014 1278 legetur
1043 1193 1099 1257 ubi
1129 1192 1268 1277 priscam
1299 1191 1459 1257 scribendi

312 1299 471 1364 rationem
498 1317 604 1385 queem,
631 1304 733 1383 uerte,
760 1299 877 1380 saluos,
905 1303 935 1364 st
961 1303 994 1364 et
1020 1298 1054 1363 id
1083 1318 1185 1383 genus
1208 1299 1334 1383 reliqua
1356 1296 1460 1362 Vetus

312 1405 367 1469 ille
391 1405 580 1490 plerumque
603 1405 692 1471 eolus
715 1410 864 1471 testatur.

401 1513 490 1589 Quae
514 1535 587 1596 oum
610 1513 657 1576 ita
681 1512 756 1596 sint,
778 1512 986 1598 consequitur
1009 1515 1046 1576 ut
1063 1511 1116 1577 hie
1135 1534 1263 1598 quoque
1283 1517 1319 1578 ut
1337 1512 1457 1598 ubique

312 1640 447 1705 regnare
470 1619 661 1684 rationem
681 1620 797 1685 debere
815 1619 1052 1705 intellegamus,
1075 1639 1139 1702 qua
1158 1619 1244 1704 quod
1265 1623 1378 1703 suapte
1397 1620 1460 1684 vir·

312 1732 382 1792 tute
405 1731 550 1811 praestet
573 1733 606 1792 et
629 1727 662 1791 in
681 1727 761 1792 artis
780 1729 953 1811 praesepta
970 1726 1165 1812 linguaeque
1183 1725 1271 1811 leges
1291 1728 1325 1789 et
1342 1731 1458 1808 poetae

313 1835 480 1920 ingenium
499 1833 680 1917 conveniat,
704 1833 885 1918 deligamus
905 1836 938 1898 et
956 1835 1084 1917 praeter
1101 1831 1235 1897 testium
1254 1824 1460 1916 quantumvis

312 1946 515 2007 vetustorum
530 1941 743 2006 reverentiam
758 1940 941 2024 probemus.
973 1939 1005 2005 N
1007 1962 1042 2005 ee
1061 1939 1163 2026 igitur
1175 1943 1356 2024 propterea,
1375 1939 1460 2023 quod

247 2071 302 2111 mu
317 2049 438 2133 aliquid
462 2049 529 2114 sive
547 2049 580 2114 A
603 2049 708 2114 solum
732 2047 801 2112 sive
824 2047 911 2112 solos
929 2045 1032 2112 ΒΘΖ)
1055 2049 1156 2112 testes
1178 2045 1288 2124 habet,
1311 2045 1385 2110 ilioo
1404 2050 1461 2109 aot

312 2155 571 2239 amplectendum
600 2158 657 2219 aut
684 2153 899 2218 aversandum
933 2175 1016 2236 esse,
1047 2154 1147 2218 etiam
1177 2153 1233 2237 qui
1264 2151 1372 2217 indole
1403 2174 1461 2216 sna

314 2261 354 2326 ed
377 2261 582 2326 iudicandum
605 2282 701 2344 quam
722 2259 762 2325 ad
781 2259 972 2325 eredendum
996 2259 1154 2324 tardiores
1179 2260 1245 2324 sint
1264 2259 1460 2344 intellegant

313 2371 452 2452 oportet.
493 2367 556 2445 Qui
581 2367 709 2452 quidem
733 2366 874 2431 viderint
897 2366 970 2450 ipsi,
992 2388 1056 2450 quo
1080 2365 1211 2432 tandem
1231 2365 1301 2430 iure
1321 2371 1378 2430 ant
1396 2389 1459 2450 qna

313 2475 421 2558 potius
445 2475 562 2539 mentis
586 2474 653 2538 sive
677 2473 832 2539 caecitate
856 2473 925 2537 sive
948 2472 1167 2538 obstinatione
1190 2475 1311 2557 negent
1328 2493 1387 2555 per
1405 2493 1460 2536 sex

314 2586 477 2665 septemve
507 2581 648 2666 saecula,
676 2601 759 2665 quae
781 2579 867 2643 inter
888 2579 998 2644 vivum
1020 2579 1248 2665 rigantemque
1272 2582 1402 2662 poetam
1427 2581 1460 2641 et

313 2687 469 2771 seriptum
498 2686 750 2751 Ambrosianum
778 2686 948 2750 interiecta
976 2690 1064 2768 sunt,
1094 2709 1133 2751 ea
1156 2685 1242 2752 faeta
1265 2707 1348 2767 esse,
1378 2705 1461 2768 quae

314 2817 385 2860 oum
417 2817 436 2858 a
466 2793 579 2877 scripti
609 2814 630 2869 γ
659 2796 806 2876 tempore
839 2790 880 2856 ad
914 2792 1138 2859 duodecimum
1172 2793 1336 2858 saeculnm
1367 2791 1455 2856 faeta

314 2923 383 2968 esse
406 2901 577 2966 Palatinus
599 2901 633 2964 B
656 2899 806 2964 ostendat
829 2921 901 2964 oum
922 2897 985 2964 OD
1007 2899 1154 2984 collatus,
1177 2903 1247 2964 tum
1270 2899 1351 2964 adeo
1374 2899 1460 2962 inter

314 3009 509 3092 scriptorum
532 3007 565 3072 A
588 3011 621 3071 et
644 3028 665 3072 α
688 3010 836 3089 temporo
859 3026 929 3070 esse
952 3004 1040 3070 faeta
1062 3005 1148 3070 idem
1165 3005 1200 3070 B
1218 3026 1291 3070 eum
1310 3005 1460 3091 ooguatis

314 3115 437 3180 dooeat
468 3114 514 3179 Et
531 3117 641 3178 tomen
659 3113 739 3178 haee
758 3112 809 3176 vel
828 3112 951 3177 leviora
969 3116 1045 3176 sunt
1064 3109 1141 3195 prae
1160 3133 1272 3177 eornm
1288 3111 1459 3191 evidentia,

315 3241 397 3306 quae
420 3221 505 3284 inter
528 3219 724 3303 scriptorum
748 3219 781 3284 A
804 3223 837 3283 et
859 3218 894 3283 B
916 3221 1064 3302 tempora
1082 3239 1152 3284 esse
1171 3221 1304 3302 peecata
1323 3217 1459 3282 alteram

314 3329 348 3392 in
363 3331 489 3412 partem
504 3327 614 3392 valens
629 3325 852 3392 Palestinorum
867 3324 1139 3409 Ambrosianique
1154 3323 1355 3408 comparatio
1370 3344 1460 3386 mon·

316 3439 405 3501 stret.
449 3433 535 3500 Nam
564 3437 602 3498 ut
623 3434 687 3500 huo
710 3433 841 3498 tandem
865 3432 1047 3516 deveniam,
1077 3432 1181 3498 adhue
1205 3454 1263 3516 per
1286 3431 1367 3497 vitia
1389 3435 1460 3497 tan·

315 3547 384 3606 tum
412 3542 594 3624 descriptus
623 3541 861 3606 Ambrosianus
892 3543 1015 3624 quante
1045 3561 1082 3603 ex
1117 3541 1220 3605 altera
1250 3541 1342 3622 parte
1372 3559 1462 3629 prae-

315 3649 455 3712 stantiae
478 3647 572 3711 laude
596 3648 737 3714 emineat
759 3651 792 3711 et
814 3647 896 3730 prae'
916 3645 1140 3711 palatinorum
1166 3645 1310 3712 bonitate
1329 3665 1460 3728 prorsus

315 3753 567 3838 exsplendesoat,
590 3753 687 3838 longe
704 3754 864 3838 longeque
883 3773 980 3836 qnam
998 3751 1153 3816 vitiorum
1176 3752 1281 3816 maior
1302 3751 1460 3815 virtutum

315 3860 488 3926 multitudo
507 3867 575 3924 tam
593 3860 774 3926 luculenter
791 3857 920 3943 probat,
938 3861 976 3922 ut
992 3862 1134 3942 nequeat
1151 3863 1264 3924 eontra
1282 3857 1355 3922 diei.
1387 3853 1462 3920 Sive

315 3968 400 4032 enim
429 3990 530 4053 prava
558 3967 779 4032 additamenta
806 3970 949 4050 spectas,
977 3965 1065 4030 solus
1094 3965 1135 4030 ab
1162 3965 1214 4030 his
1242 3965 1324 4029 liber
1350 3964 1384 4029 A
1412 3969 1463 4028 est

315 4076 404 4140 velut
427 4075 556 4140 omissis
579 4098 608 4139 v.
631 4075 674 4139 23
698 4094 761 4138 non
783 4073 878 4156 mab,
902 4073 945 4138 52
969 4072 1049 4155 bene,
1072 4073 1137 4138 209
1158 4072 1254 4156 facta,
1277 4072 1343 4136 242
1365 4074 1460 4154 sapit

315 4183 397 4267 lotis,
420 4182 485 4248 293
508 4187 545 4266 et,
567 4182 633 4246 306
652 4182 694 4263 id,
717 4179 780 4244 321
800 4199 872 4256 non,
896 4177 961 4243 339
984 4180 1073 4260 quod,
1097 4177 1372 4259 austremonium,
1396 4177 1457 4241 351

314 4309 410 4371 necne,
439 4293 473 4354 et
500 4289 605 4374 magis
634 4285 838 4352 memorabili
866 4285 1014 4368 exemplo
1043 4289 1119 4370 post
1147 4308 1175 4350 v.
1200 4286 1242 4350 72
1265 4284 1322 4348 illo
1351 4304 1459 4367 panno

315 4395 374 4459 Sin
398 4398 562 4460 imminere
590 4395 641 4459 urb
667 4393 825 4476 ingenium
852 4390 1002 4455 meritiis:
1031 4391 1099 4455 sive
1124 4393 1250 4474 spectas
1276 4388 1460 4454 vocularum

316 4501 578 4586 syllabarumque
601 4501 743 4583 lacunas,
767 4520 821 4563 eas
845 4499 933 4562 solus
957 4499 989 4561 A
1013 4498 1143 4582 supplet
1166 4499 1254 4563 velut
1277 4518 1305 4562 v.
1329 4495 1372 4560 46
1397 4517 1460 4559 ser·
