3332 5074
335 383 403 448 404
625 399 886 449 aaousoouaun
911 401 958 448 ns
982 401 1189 450 arriomavs

425 541 545 619 Quodsi
577 545 708 627 praeter
733 548 826 626 paler
858 543 940 608 illud
973 541 1165 628 quibusdam
1198 541 1233 606 in
1265 543 1344 608 locis
1374 563 1479 627 pauca

336 648 493 736 quaedam
518 651 583 715 alia
606 650 782 735 bisyllaba,
810 654 848 716 ut
873 652 986 716 nimis
1008 651 1135 716 modies
1157 652 1276 730 iniser,
1309 651 1343 716 in
1367 673 1478 716 eorum

335 780 417 843 quae
440 758 546 824 adhuc
568 756 779 822 tractavimus
803 757 992 822 societatem
1016 779 1086 822 esse
1109 757 1212 822 ascita
1234 758 1416 824 videantur:
1439 757 1478 822 de

334 865 387 931 his
412 866 473 931 etsi
497 865 715 952 quaerendum
739 868 790 929 est
812 863 961 949 amplius,
983 864 1146 929 tamenin
1164 885 1319 948 praesens
1339 863 1478 929 breviter

335 971 398 1036 dici
421 972 483 1038 hoc
505 963 623 1058 potest,
646 975 680 1036 et
701 971 735 1036 in
759 971 966 1036 liberioribus
990 971 1103 1037 metris
1127 991 1198 1036 ease
1221 972 1333 1037 omnia
1355 976 1389 1038 et
1411 993 1477 1036 ma·

334 1078 456 1142 xlmam
488 1081 613 1162 partem
646 1077 697 1142 vel
730 1081 902 1162 propterea
930 1078 1097 1162 ambigua,
1130 1077 1228 1164 quod,
1261 1099 1333 1143 cum
1361 1077 1396 1143 in
1424 1077 1476 1144 his

335 1185 446 1250 metris
470 1185 569 1251 etiam
593 1187 755 1269 correptio
785 1184 870 1248 inter
894 1185 989 1250 binas
1013 1205 1108 1251 voees
1132 1184 1239 1250 media
1262 1184 1404 1251 admissa
1427 1185 1478 1268 sit,

335 1315 433 1377 saepe
455 1315 570 1378 parum
594 1290 718 1376 liqueat
741 1289 781 1356 ad
805 1295 914 1356 utrum
937 1291 995 1356 illa
1018 1312 1120 1377 genus
1144 1291 1305 1375 pertinere
1323 1291 1477 1358 dicamus.

336 1397 486 1466 Senarios
510 1399 774 1484 septenariosque
793 1419 866 1462 cum
885 1398 1067 1466 trochaieos
1085 1403 1157 1463 tum
1174 1399 1330 1464 iambicos
1350 1399 1391 1464 ab
1410 1399 1475 1465 illia

335 1507 484 1572 omuibus
513 1505 721 1571 abhorruisse
751 1505 966 1571 certissimum
990 1509 1047 1571 est
1093 1505 1209 1592 Apage
1233 1509 1341 1571 autern
1365 1527 1476 1572 eorum

336 1619 368 1679 et
390 1614 505 1698 putida
528 1618 562 1679 et
583 1611 714 1678 indocta
736 1612 887 1696 artificia,
909 1611 965 1696 qui
989 1613 1086 1678 etiam
1109 1611 1164 1690 u’t,
1191 1612 1250 1691 s’d,
1268 1611 1329 1695 p'r,
1346 1615 1477 1697 proptr,

335 1721 396 1806 tbi,
418 1720 484 1800 s’ti,
505 1721 601 1804 n’que,
620 1721 684 1805 er’t,
702 1719 790 1803 ud’st,
810 1719 912 1797 ltere,
931 1720 1125 1797 condbinum,
1143 1718 1279 1802 aep'rr'ri,
1297 1720 1477 1803 imp'ritum,

334 1827 435 1911 eap’di
461 1831 494 1893 εὴ
522 1827 642 1894 similia
670 1827 844 1893 commenti
872 1829 949 1892 sunt
975 1849 1035 1911 pro
1058 1827 1107 1892 uel
1129 1827 1183 1892 sed
1198 1845 1256 1908 per
1280 1829 1313 1890 et
1335 1828 1478 1912 reliquis,

334 1940 431 2020 atque
456 1935 534 2001 adeo
557 1935 656 2018 uemp’
671 1933 897 2013 Phormionem,
919 1933 985 1998 ind’
998 1955 1129 2012 sumam,
1152 1933 1238 1998 imm’
1256 1955 1337 2013 uera,
1361 1936 1413 2000 vel
1436 1935 1477 2014 tr,

334 2042 365 2122 ’t,
387 2042 424 2125 Ἰ),
447 2041 501 2126 'pu
525 2043 565 2108 ’bi
587 2065 646 2127 pro
670 2043 705 2107 in
726 2048 755 2106 et
777 2042 813 2107 ob
835 2063 886 2125 epo
909 2041 966 2118 iti,
991 2044 1024 2106 et
1046 2041 1132 2126 quod
1156 2063 1317 2107 summurn
1340 2045 1403 2126 est,
1424 2042 1475 2124 qu’

334 2171 394 2234 pro
412 2151 533 2232 quidet
545 2149 636 2230 quod:
656 2169 738 2233 quae
757 2170 864 2213 merae
882 2145 1096 2232 praestrigias
1115 2152 1191 2212 sunt
1210 2152 1243 2213 et
1261 2147 1477 2233 glaucomata.

806 2468 915 2516 caavr
939 2451 1013 2516 XII.

424 2611 602 2696 Postquam
621 2613 838 2678 inveteratum
859 2609 897 2675 de
917 2611 1067 2696 neglecta
1085 2609 1117 2676 vi
1135 2610 1309 2696 positionis
1329 2633 1478 2696 errorem,

334 2742 398 2805 quo
426 2719 507 2784 nihil
532 2720 610 2804 plus
638 2719 743 2786 obfuit
766 2719 936 2784 Plautinae
965 2717 1136 2803 prosodiae
1164 2723 1251 2785 reeta
1278 2717 1478 2803 iudicandae,

264 2843 322 2884 011¹
335 2827 491 2892 radicitus
521 2825 671 2892 evellisse
699 2825 860 2910 videmur,
891 2825 1017 2909 reliqua
1047 2825 1154 2909 capita
1185 2825 1297 2891 licebit
1326 2825 1375 2890 ita
1405 2846 1476 2909 per-

335 2935 502 3019 stringere,
525 2937 561 2998 ut
578 2934 612 2998 in
631 2933 677 2999 eis
696 2932 911 3018 potissimum,
934 2932 1109 3017 dequibus
1130 2933 1170 2997 ab
1190 2933 1328 2998 aliorum
1347 2931 1476 3017 placitis

334 3041 414 3106 mihi
442 3063 513 3106 esse
541 3038 795 3105 dissentiendum
823 3039 965 3122 videam,
996 3061 1081 3104 nunc
1105 3038 1263 3104 subsistat
1284 3037 1475 3122 disputatio,

333 3151 462 3232 praeter
495 3150 602 3212 cetera
634 3150 743 3211 autern
776 3145 968 3211 certioribus
1001 3145 1119 3210 finibus
1153 3167 1191 3210 ea
1223 3144 1475 3229 circumscribat,

334 3277 416 3338 quae
439 3277 504 3320 non
528 3255 679 3340 ignorata
702 3253 802 3337 vulgo
824 3257 936 3317 tamen
959 3251 1057 3317 nimis
1081 3257 1241 3337 vagantur
1263 3251 1476 3335 plurimorum

334 3362 496 3445 opinione.
528 3361 573 3426 Et
591 3361 744 3446 quoniam
762 3360 797 3423 in
816 3358 1065 3423 usitatissimam
1090 3359 1266 3424 binarum
1285 3357 1476 3423 vocalium

334 3469 546 3553 synizesim
575 3468 685 3551 paullo
709 3469 784 3532 ante
807 3465 913 3531 oratio
936 3463 1063 3550 incidit,
1090 3465 1144 3530 hic
1168 3487 1294 3551 quoque
1317 3463 1397 3530 illud
1421 3465 1476 3530 ob·

334 3574 526 3640 servandum
550 3577 600 3639 est
621 3575 751 3656 praeter
774 3574 888 3654 cetera,
911 3575 1004 3637 utet
1026 3574 1205 3636 metrorum
1223 3590 1344 3654 genera
1366 3575 1400 3637 et
1422 3591 1477 3656 ge-

333 3703 411 3746 nera
438 3679 671 3746 vocabulorum
703 3677 950 3764 diligentissime
983 3676 1215 3745 discernantur.
1261 3675 1358 3743 Mitto
1391 3699 1476 3742 nuuc

333 3789 418 3854 dein
453 3786 583 3853 deinde
618 3783 747 3851 detine
777 3785 892 3867 proin
922 3784 1082 3866 proinde
1112 3785 1281 3849 deorsum
1311 3804 1475 3849 seorsum

326 3901 466 3980 praeut
486 3898 712 3977 praeoptare
735 3889 836 3977 (Tria.
859 3889 939 3977 648)
968 3891 1065 3955 coire
1090 3891 1211 3956 anteit
1236 3889 1393 3956 antehae
1419 3891 1476 3955 in·

334 4005 449 4069 troire
467 4001 510 4088 (v.
525 3999 580 4086 10)
600 4000 672 4082 alia,
696 4020 778 4084 quae
800 4019 977 4084 numquam
1000 3997 1066 4062 nisi
1089 4001 1253 4062 contracte
1278 3997 1364 4063 dicta
1387 4001 1476 4062 sunt:

333 4131 410 4174 nam
433 4107 589 4184 intrastis,
621 4105 661 4170 de
688 4126 752 4190 quo
775 4125 848 4168 vere
876 4103 942 4168 iam
965 4101 1132 4168 Bentleius
1156 4103 1190 4168 iu
1214 4101 1314 4168 Andr.
1338 4103 1377 4186 V,
1400 4105 1430 4185 2,
1453 4103 1473 4167 9

334 4215 444 4298 sensit,
466 4237 507 4279 ne
531 4212 647 4278 Bacch.
669 4211 727 4296 IV,
750 4211 780 4294 8,
799 4211 841 4276 66
852 4207 884 4294 *)
908 4210 1037 4295 quidem
1061 4213 1215 4295 quattuor
1238 4232 1308 4275 esse
1332 4209 1475 4294 syllaba·

333 4343 406 4386 rum
429 4321 533 4404 credo,
557 4319 612 4385 sed
636 4318 755 4403 aliquid
780 4317 935 4382 excidisse
958 4316 1156 4383 huiusmodi:

334 4447 353 4455 ι-
360 4449 393 4454 --
401 4447 546 4456 ---.-..—-

440 4515 466 4586 ¹⁸¹)
488 4516 541 4588 [Cf.
561 4513 632 4569 Nov.
652 4527 709 4567 exc.
730 4509 822 4565 Plaut
840 4509 854 4562 Ῑ
871 4526 899 4579 Ρ·
919 4507 975 4578 ⁸¹]
