3306 5070
171 453 174 464 1
287 369 351 436 764
481 343 483 346 ’
777 389 930 438 meuc.

290 530 411 597 destius
427 531 632 616 superbiatis,
654 532 736 598 bene
751 555 910 599 memores
934 538 1010 618 post
1026 555 1086 598 nos
1104 555 1232 620 qnoque
1251 536 1428 601 exstituros

286 638 356 721 qni,
385 641 507 724 quanto
530 660 590 704 nos
613 639 785 705 intervallo
812 640 902 725 illos,
929 643 1023 706 tanto
1045 645 1174 706 nosmet
1197 663 1282 725 pono
1305 643 1427 726 seipsi

285 745 478 831 relinquant.
524 746 645 812 Valete.

751 855 963 866 ---—--—·—-u

844 1017 874 1082 9.

286 1155 447 1222 Schluss
480 1156 544 1222 des
577 1157 821 1244 Programms
850 1159 1054 1245 ‘Disputatio
1082 1161 1120 1226 de
1143 1165 1313 1247 poetarum
1333 1144 1428 1228 testi-

343 1263 463 1329 moniis
487 1286 569 1348 qnae
594 1269 670 1330 suut
693 1267 727 1331 in
751 1266 820 1332 vita
843 1265 988 1332 Terentii
1011 1265 1222 1334 Suetoniana'
1245 1267 1373 1357 (1859).

374 1404 620 1472 Percensnimus
644 1431 726 1492 quae
745 1409 778 1475 in
797 1410 938 1474 madium
958 1411 1087 1494 prolata
1107 1414 1181 1476 snnt
1199 1410 1322 1476 omnia:
1346 1411 1428 1475 satis

285 1513 390 1578 faeere
419 1512 502 1577 nihil
534 1514 762 1581 intelleximus.
808 1516 914 1582 Multa
944 1517 1121 1583 identidem
1156 1519 1428 1584 comminiscendo

285 1622 535 1689 coniectavimu‘s
560 1624 637 1707 ipsi:
660 1647 726 1690 non
749 1647 853 1710 panca
876 1625 1017 1690 consulti
1041 1625 1080 1689 de
1103 1624 1165 1690 hae
1189 1625 1308 1709 ἀπορίᾳ
1331 1625 1428 1691 amici

286 1730 456 1796 nobiscum
485 1731 780 1796 communicarunt:
816 1732 971 1818 opinandi
994 1731 1243 1816 ambiguitatem
1266 1732 1353 1818 quod
1376 1755 1428 1797 su·

286 1841 423 1921 peraret,
444 1838 611 1902 inventurn
635 1842 686 1903 est
708 1839 799 1904 nihil.
835 1839 921 1904 Fieri
944 1845 1054 1925 potest
1076 1862 1153 1906 sens
1176 1843 1213 1906 ut
1236 1840 1303 1905 sive
1317 1838 1428 1925 Valgii

287 1944 355 2010 sive
388 1945 472 2010 alius
505 1943 672 2011 cuiusdam
704 1947 787 2012 liber
819 1945 904 2034 (sive
935 1947 1059 2012 finitins
1087 1946 1266 2013 ‘libellum’
1294 1945 1428 2034 dixeris)

286 2052 449 2118 exstiterit
467 2052 592 2118 ‘Aetio'
611 2055 795 2139 inscriptus,
819 2076 882 2140 quo
905 2055 960 2119 ille
979 2058 1125 2120 veterum
1148 2057 1317 2138 poetarum
1341 2055 1428 2120 furta

285 2160 336 2223 vel
363 2159 474 2226 nescio
502 2181 582 2244 quas
610 2161 689 2226 alias
717 2162 829 2245 culpas
854 2163 1034 2248 exagitaret
1055 2161 1118 2227 hac
1141 2162 1246 2228 forma
1269 2184 1360 2246 usus,
1393 2166 1429 2227 ut

284 2269 451 2351 tamquam
489 2271 658 2332 accusator
693 2268 838 2352 prodiret
874 2269 1097 2355 actionemque
1134 2269 1197 2334 reis
1234 2269 1428 2334 intenderet:

284 2395 367 2458 quae
390 2373 454 2439 nisi
477 2372 619 2438 fallimur
639 2373 800 2461 Sohopeni
824 2377 985 2441 sententia
1003 2375 1075 2458 fuit,
1098 2375 1342 2461 simplicissima
1363 2374 1427 2440 for·

285 2484 373 2546 tasse
402 2481 555 2564 omnium.
602 2479 664 2546 Sed
693 2504 766 2548 cum
795 2483 905 2568 aliqua
927 2486 1039 2548 tamen
1061 2481 1257 2549 confidentia
1281 2483 1352 2568 quis
1375 2484 1427 2548 vel

284 2587 384 2653 talem
408 2587 628 2654 coniecturam
652 2589 805 2673 amplecti
827 2590 928 2674 ausit,
956 2589 1109 2677 quamdiu
1138 2612 1203 2654 non
1232 2590 1340 2674 aliquo
1364 2589 1427 2655 sal-

285 2699 352 2760 tem
384 2696 520 2760 certiore
552 2695 761 2763 fundamento
793 2698 918 2763 nitatur
947 2697 999 2763 vel
1030 2697 1160 2762 aliunde
1189 2697 1291 2780 petito
1321 2698 1428 2763 firma·

286 2805 395 2868 mento
429 2801 538 2887 aliquo
572 2803 781 2916 stabiliatur]
830 2803 943 2890 Itaque
973 2804 1037 2870 nisi
1067 2804 1144 2890 quid
1176 2803 1259 2869 forte
1291 2803 1428 2870 feliciori

287 2908 426 2974 aliorum
450 2911 622 2995 sagacitati
645 2912 765 2977 rectius
789 2911 995 2996 successerit,
1017 2933 1102 2977 novo
1125 2911 1189 2977 hoc
1211 2911 1359 2995 exemplo
1381 2911 1427 2976 di·

286 3015 368 3081 scite
391 3037 461 3081 esse
485 3017 584 3083 etiam
607 3017 771 3082 nesciendi
794 3021 896 3082 artem
920 3017 1092 3103 quandam,
1114 3039 1210 3102 quam
1235 3019 1428 3085 meministis

285 3121 500 3188 saluberrimo
532 3123 666 3189 consilio
700 3125 924 3190 commendare
957 3122 1175 3189 Godoiredum
1205 3122 1428 3191 Hermannum

285 3228 669 3324 solitumpfccundissimi
691 3230 726 3295 in
748 3230 941 3296 inveniendo
966 3253 1041 3297 vero
1066 3231 1188 3316 ingenii
1211 3231 1325 3298 virum.
1371 3231 1428 3298 Oe·

285 3339 390 3400 terum
418 3335 525 3402 valete
549 3335 731 3421 oblatisque
755 3334 923 3402 doctrinae
946 3336 1047 3422 copiis
1071 3336 1314 3422 studiorumque
1337 3339 1427 3405 adin-

286 3442 404 3507 mentis
440 3442 488 3507 ita
524 3443 655 3508 utimini
692 3447 729 3508 ut
765 3443 908 3508 discendi
944 3444 1105 3509 industria
1137 3447 1234 3531 atque
1270 3446 1428 3531 religione

285 3550 393 3613 vestra
414 3553 560 3615 nostram
584 3549 718 3615 docendi
742 3549 943 3616 voluntatem
966 3551 1127 3637 fidemque
1151 3552 1343 3636 exaequetis.

750 3751 961 3759 μὴ

836 3889 885 3953 10.

297 4029 473 4095 Vorwort
503 4054 547 4096 zu
579 4031 645 4096 der
668 4029 972 4117 Verkiindigung
1005 4030 1069 4096 der
1098 4030 1407 4118 Preisaufgaben

686 4139 725 4202 in
747 4137 908 4223 Leipzig
933 4139 1028 4204 1875.

374 4279 562 4346 Certamina
584 4280 776 4346 eruditionis
803 4281 844 4344 ab
868 4279 1035 4346 academia
1057 4279 1217 4366 Lipsiensi
1241 4279 1337 4346 indici
1361 4303 1426 4346 non

285 4385 399 4470 solent
422 4387 502 4470 quin
519 4386 739 4471 professorum
758 4387 877 4471 aliquis
896 4387 965 4472 ipse
985 4383 1223 4472 quodammodo
1241 4385 1275 4449 in
1294 4407 1426 4450 arenam

286 4490 471 4576 descendat,
499 4491 743 4578 studiorumque
773 4515 904 4559 suorum
933 4492 1097 4578 specimen
1119 4489 1281 4557 communi
1304 4512 1426 4576 eornm,
