3332 5074
334 346 399 412 462
622 361 881 410 ruonsooncul
906 360 954 408 un
979 361 1188 410 ssrromnvs

176 532 320 572 ccxxvnr
334 507 512 572 substituto
544 505 620 572 celet
651 527 741 588 aquo.
772 543 812 552 -
844 505 961 572 Restat
998 509 1034 570 ut
1069 505 1107 569 de
1144 504 1483 590 hyperdisyllabis

333 618 517 699 quaeratur.
559 613 716 695 Quorum,
740 617 777 678 ut
800 613 940 677 breviter
963 611 1077 696 dicam,
1102 612 1241 676 similem
1265 611 1299 676 in
1323 612 1413 677 brevi
1437 613 1483 676 ul·

332 722 414 786 tima
437 725 605 786 accentum
629 743 667 784 ea
688 725 815 785 tantum
840 724 1039 810 receperunt,
1063 741 1145 804 quae
1164 741 1230 784 nou
1250 719 1481 803 paenultimam

333 831 471 910 tantum,
490 827 545 891 sed
564 827 664 891 ctiam
683 828 994 911 antepaenultimam
1013 827 1145 892 brevem
1163 826 1329 892 haberent.
1362 825 1482 903 Quam·

333 956 430 1018 quam
455 957 474 998 a
493 934 667 999 trochaicis
691 934 820 1019 quidem
845 935 1010 1000 vocabulis
1035 934 1146 999 eadem
1160 929 1271 1000 'etiam
1294 935 1359 999 alio
1380 933 1482 1017 ipsius

333 1041 470 1105 rationis
498 1041 683 1106 discrimine
712 1042 843 1106 distant.
888 1040 974 1106 Nam
999 1042 1027 1106 si
1049 1042 1190 1124 wo'pitid
1217 1045 1345 1126 praeter
1367 1039 1483 1124 princi-

333 1148 441 1230 palem
466 1169 559 1212 suum
588 1147 623 1211 in
639 1168 700 1230 pro
728 1152 895 1212 accentum
925 1147 1069 1234 (quando
1098 1148 1183 1212 hunc
1207 1169 1277 1211 esse
1300 1145 1482 1230 legitimum

334 1276 433 1336 supra
452 1252 606 1338 diximus)
627 1255 765 1319 alterum
785 1255 886 1320 hahet
904 1254 1138 1338 secundarium,
1157 1255 1233 1339 quid
1253 1254 1376 1338 patitur
1394 1253 1483 1317 aliud

335 1361 398 1426 nisi
427 1361 635 1446 quodetiam
657 1362 797 1426 uendcdit
824 1365 858 1424 et
886 1361 1017 1444 similia,
1045 1383 1128 1446 quae
1156 1361 1233 1445 qula
1260 1361 1331 1445 ipso
1355 1359 1481 1424 ambitu

335 1489 392 1531 suo
417 1467 511 1533 unius
534 1468 625 1551 pedis
645 1489 830 1533 mensuram
849 1466 1015 1550 excedunt,
1038 1468 1072 1532 in
1091 1468 1238 1532 versibus
1256 1488 1324 1531 non
1342 1469 1482 1550 possunt

334 1596 399 1640 non
422 1574 532 1659 plures
556 1579 708 1639 accentus
737 1573 903 1659 recipere?
948 1573 1062 1658 Itaque
1090 1573 1173 1638 nihil
1203 1573 1333 1639 molesti
1356 1575 1482 1636 veteres

335 1681 369 1745 in
401 1681 452 1746 his
486 1686 658 1748 senserunt
690 1680 777 1746 Trio.
806 1681 880 1746 852.
917 1681 986 1747 Mil.
1013 1679 1058 1762 Π,
1086 1682 1121 1764 2,
1148 1682 1177 1745 2.
1213 1679 1290 1764 [lll,
1321 1685 1352 1764 1,
1383 1677 1478 1765 25*)]

334 1787 422 1852 Trin.
447 1789 527 1854 837:

423 1906 557 1996 illacricd
579 1931 678 1995 facies
700 1929 831 1996 uidetur
891 1981 1431 1996 .........

432 2056 578 2122 Vidcrltc's
601 2057 751 2140 altinum,
775 2077 836 2141 ego
860 2063 972 2121 uostra
1024 2105 1431 2121 .......

426 2156 566 2260 [dlhiccrc'
585 2203 688 2266 neque
712 2181 745 2244 te'
768 2181 885 2246 decora
955 2231 1429 2245 ........
1442 2183 1450 2258 Ι

424 2305 531 2370 Rriere
561 2311 744 2388 antemnas,
776 2303 922 2370 scindere
953 2307 1038 2369 uela:
1072 2303 1108 2370 ni
1137 2327 1199 2390 pax
1226 2304 1366 2387 propite'd
1398 2304 1485 2370 foret

1022 2465 1026 2473 =
1134 2433 1274 2515 praesto.

336 2573 422 2638 Nam
445 2575 530 2657 quod
553 2573 671 2638 horum
693 2574 809 2639 ultimo
833 2596 928 2639 versu
947 2577 1091 2658 oxytoha
1108 2595 1171 2638 vox
1189 2573 1224 2638 iu
1243 2573 1382 2656 septimo
1401 2573 1482 2656 pede

336 2685 400 2746 est:
428 2681 644 2764 reputandum
672 2685 723 2746 est
745 2682 948 2746 octonarium
971 2703 1056 2766 esse,
1079 2681 1165 2766 quod
1188 2700 1290 2766 genus
1314 2680 1481 2746 sevcriori-

336 2789 397 2853 bus
412 2789 667 2872 septenariorum
682 2788 810 2873 legibus
831 2788 942 2854 multis
962 2789 996 2854 in
1013 2789 1110 2854 rebus
1130 2788 1272 2854 solutum
1292 2791 1353 2854 est:
1373 2809 1483 2873 quem-

337 2893 509 2960 admodum
537 2917 639 2980 parvo
661 2895 834 2959 intervallo
859 2895 900 2960 ab
929 2894 987 2960 illo
1010 2894 1136 2960 distans
1160 2896 1346 2960 octonarius
1369 2918 1398 2961 v.
1417 2895 1481 2959 827

336 3003 435 3068 etiam
455 3004 489 3067 in
509 3003 623 3086 quinto
642 3002 722 3086 pede
741 3003 841 3067 hebet
857 3003 956 3084 usqcc'
969 3004 1058 3068 clodo
1075 3007 1111 3068 ot
1127 3003 1231 3068 cclcc:
1254 3007 1351 3086 atquo
1369 3007 1484 3068 neuter

336 3111 383 3175 ita
405 3115 442 3174 ut
465 3109 562 3174 binae
584 3109 697 3174 breves
717 3109 964 3194 subsequantur.
1001 3107 1107 3185 Quid?
1131 3109 1217 3195 quod
1236 3107 1393 3174 tribrachi
1412 3107 1483 3193 qui·

337 3217 411 3281 dem
438 3217 542 3281 maior
571 3237 667 3301 quam
696 3216 840 3280 trochaei
869 3215 1055 3280 volubilitas
1084 3237 1124 3280 ne
1152 3217 1186 3280 in
1214 3216 1390 3300 septenarii
1414 3215 1483 3298 qui-

338 3324 411 3389 dem
434 3328 527 3389 sexto
550 3323 631 3408 pede
654 3322 820 3406 displicuit
842 3345 870 3387 v.
894 3323 971 3386 906:

204 3500 321 3540 ccmx
426 3463 550 3550 Cdpere
577 3465 676 3530 soleo.
727 3463 811 3540 Quid
839 3470 889 3528 est
916 3465 945 3529 ei
970 3464 1024 3546 [cl.
1047 3489 1077 3549 p.
1101 3465 1180 3546 364]
1204 3463 1344 3530 nomon?
1390 3465 1484 3542 Quod

976 3571 1079 3654 cdcpdl
1100 3569 1227 3636 homim'
1246 3573 1358 3656 probo.

339 3711 462 3779 Contra
485 3717 603 3793 aulem,
628 3718 725 3798 atque
748 3713 781 3778 in
805 3713 872 3778 illis
894 3713 1027 3798 factum,
1050 3713 1185 3778 ultimae
1208 3714 1355 3797 syllabae
1379 3715 1484 3778 inteu-

336 3821 459 3886 tionem
495 3841 568 3884 cum
605 3820 784 3904 dactylicae
821 3843 916 3886 voces
949 3819 999 3885 vel
1032 3821 1067 3884 in
1100 3819 1262 3904 dactylum
1299 3821 1483 3886 desinentes

337 3985 549 3992 ...μ-ῳ..-

408 4069 434 4140 ⁸)
454 4069 506 4139 [Ol.
525 4086 589 4125 ω·
608 4068 645 4122 ²⁴¹
663 4069 738 4122 hunc
758 4068 794 4135 n]
832 4067 887 4121 Sed
910 4065 1033 4122 ciusdem
1057 4067 1169 4123 fabulae
1188 4067 1235 4134 ΙΙΙ,
1257 4075 1281 4137 1,
1301 4073 1333 4122 39
1359 4069 1486 4137 aepmor

337 4173 389 4212 nec
407 4158 586 4212 choriambus
604 4173 656 4212 nec
675 4171 765 4226 paeon
784 4155 890 4224 primus
909 4159 1095 4226 consponsae:

476 4264 527 4320 Pol
546 4263 575 4318 id
593 4263 707 4333 quidem
725 4261 854 4332 experior
871 4263 914 4318 ita
931 4279 992 4318 esce
1030 4305 1484 4322 ...........

339 4369 393 4426 Vbi
411 4369 474 4426 vida
493 4389 560 4424 num
578 4369 618 4425 sic
636 4369 781 4439 scripserit
798 4371 897 4440 poetar

477 4477 576 4531 Pol-id
596 4475 723 4548 experior
742 4475 870 4546 equidem
889 4477 930 4532 ila
948 4493 1008 4532 csse
1028 4520 1034 4533 .
1073 4520 1080 4544 .,
1119 4519 1483 4538 .........
