<?xml version="1.0" encoding="UTF-8"?>
<!DOCTYPE html PUBLIC "-//W3C//DTD XHTML 1.0 Transitional//EN"
    "http://www.w3.org/TR/xhtml1/DTD/xhtml1-transitional.dtd">
<html xmlns="http://www.w3.org/1999/xhtml" xml:lang="en" lang="en">
 <head>
  <title>
</title>
<meta http-equiv="Content-Type" content="text/html;charset=utf-8" />
  <meta name='ocr-system' content='tesseract 3.04.00' />
  <meta name='ocr-capabilities' content='ocr_page ocr_carea ocr_par ocr_line ocrx_word'/>
</head>
<body>
  <div class='ocr_page' id='page_1' title='image "./fridericiritsch07wachgoog_0319.png"; bbox 0 0 3338 5072; ppageno 0'>
   <div class='ocr_carea' id='block_1_1' title="bbox 352 401 1203 471">
    <p class='ocr_par' dir='ltr' id='par_1_1' title="bbox 352 401 1203 471">
     <span class='ocr_line' id='line_1_1' title="bbox 352 401 1203 471; baseline -0.001 -1"><span class='ocrx_word' id='word_1_1' title='bbox 352 401 417 470; x_wconf 80' lang='lat'>302</span> <span class='ocrx_word' id='word_1_2' title='bbox 639 417 897 470; x_wconf 81' lang='lat' dir='ltr'>raonsoousus</span> <span class='ocrx_word' id='word_1_3' title='bbox 920 421 968 469; x_wconf 87' lang='lat' dir='ltr'>ns</span> <span class='ocrx_word' id='word_1_4' title='bbox 992 419 1203 471; x_wconf 72' lang='lat' dir='ltr'>simonisve</span> 
     </span>
    </p>
   </div>
   <div class='ocr_carea' id='block_1_2' title="bbox 250 563 1500 1293">
    <p class='ocr_par' dir='ltr' id='par_1_2' title="bbox 250 563 1500 1293">
     <span class='ocr_line' id='line_1_2' title="bbox 352 563 1498 651; baseline -0.001 -21"><span class='ocrx_word' id='word_1_5' title='bbox 352 566 465 648; x_wconf 84' lang='lat' dir='ltr'>posset</span> <span class='ocrx_word' id='word_1_6' title='bbox 490 567 524 628; x_wconf 90' lang='lat' dir='ltr'>et</span> <span class='ocrx_word' id='word_1_7' title='bbox 550 563 686 630; x_wconf 89' lang='lat' dir='ltr'>lacinias</span> <span class='ocrx_word' id='word_1_8' title='bbox 715 565 823 649; x_wconf 89' lang='lat' dir='ltr'>potius</span> <span class='ocrx_word' id='word_1_9' title='bbox 847 565 1005 651; x_wconf 87' lang='lat' dir='ltr'>quasdam</span> <span class='ocrx_word' id='word_1_10' title='bbox 1028 588 1180 632; x_wconf 89' lang='lat' dir='ltr'>versuum</span> <span class='ocrx_word' id='word_1_11' title='bbox 1204 587 1302 651; x_wconf 91' lang='lat' dir='ltr'>quam</span> <span class='ocrx_word' id='word_1_12' title='bbox 1325 565 1498 630; x_wconf 88' lang='lat' dir='ltr'>verborum</span> 
     </span>
     <span class='ocr_line' id='line_1_3' title="bbox 250 671 1497 740; baseline 0.002 -5"><span class='ocrx_word' id='word_1_13' title='bbox 250 686 253 697; x_wconf 76' lang='grc'>’</span> <span class='ocrx_word' id='word_1_14' title='bbox 353 671 601 736; x_wconf 78' lang='lat' dir='ltr'>continuitatem</span> <span class='ocrx_word' id='word_1_15' title='bbox 629 677 779 740; x_wconf 88' lang='lat' dir='ltr'>servaret.</span> <span class='ocrx_word' id='word_1_16' title='bbox 825 672 998 740; x_wconf 88' lang='lat' dir='ltr'>Praeterea</span> <span class='ocrx_word' id='word_1_17' title='bbox 1026 677 1134 739; x_wconf 88' lang='lat' dir='ltr'>autem</span> <span class='ocrx_word' id='word_1_18' title='bbox 1163 673 1228 740; x_wconf 90' lang='lat' dir='ltr'>alio</span> <span class='ocrx_word' id='word_1_19' title='bbox 1256 673 1382 738; x_wconf 88' lang='lat' dir='ltr'>invecto</span> <span class='ocrx_word' id='word_1_20' title='bbox 1404 671 1497 737; x_wconf 87' lang='lat' dir='ltr'>fabu-</span> 
     </span>
     <span class='ocr_line' id='line_1_4' title="bbox 352 778 1497 865; baseline 0.001 -23"><span class='ocrx_word' id='word_1_21' title='bbox 352 779 456 842; x_wconf 89' lang='lat' dir='ltr'>larum</span> <span class='ocrx_word' id='word_1_22' title='bbox 480 778 593 843; x_wconf 86' lang='lat' dir='ltr'>ordine</span> <span class='ocrx_word' id='word_1_23' title='bbox 616 780 647 844; x_wconf 89' lang='lat' dir='ltr'>h.</span> <span class='ocrx_word' id='word_1_24' title='bbox 671 801 697 844; x_wconf 88' lang='lat' dir='ltr'>e.</span> <span class='ocrx_word' id='word_1_25' title='bbox 720 801 759 845; x_wconf 90' lang='lat' dir='ltr'>eo</span> <span class='ocrx_word' id='word_1_26' title='bbox 784 780 839 865; x_wconf 93' lang='lat' dir='ltr'>qui</span> <span class='ocrx_word' id='word_1_27' title='bbox 862 801 949 845; x_wconf 91' lang='lat' dir='ltr'>nunc</span> <span class='ocrx_word' id='word_1_28' title='bbox 972 781 1108 865; x_wconf 87' lang='lat' dir='ltr'>obtinet,</span> <span class='ocrx_word' id='word_1_29' title='bbox 1130 778 1307 845; x_wconf 80' lang='lat' dir='ltr'>Bacchides</span> <span class='ocrx_word' id='word_1_30' title='bbox 1330 779 1371 844; x_wconf 93' lang='lat' dir='ltr'>ab</span> <span class='ocrx_word' id='word_1_31' title='bbox 1395 779 1497 844; x_wconf 85' lang='lat' dir='ltr'>Aulu-</span> 
     </span>
     <span class='ocr_line' id='line_1_5' title="bbox 351 884 1500 973; baseline 0.002 -25"><span class='ocrx_word' id='word_1_32' title='bbox 351 884 452 950; x_wconf 88' lang='lat' dir='ltr'>lariae</span> <span class='ocrx_word' id='word_1_33' title='bbox 476 885 630 950; x_wconf 89' lang='lat' dir='ltr'>societate</span> <span class='ocrx_word' id='word_1_34' title='bbox 654 885 815 952; x_wconf 72' lang='lat' dir='ltr'>divulsam</span> <span class='ocrx_word' id='word_1_35' title='bbox 837 889 1023 972; x_wconf 82' lang='lat' dir='ltr'>postposuit</span> <span class='ocrx_word' id='word_1_36' title='bbox 1046 887 1195 973; x_wconf 79' lang='lat' dir='ltr'>Epidico:</span> <span class='ocrx_word' id='word_1_37' title='bbox 1229 909 1293 970; x_wconf 91' lang='lat' dir='ltr'>quo</span> <span class='ocrx_word' id='word_1_38' title='bbox 1317 885 1438 951; x_wconf 83' lang='lat' dir='ltr'>factum</span> <span class='ocrx_word' id='word_1_39' title='bbox 1461 889 1500 950; x_wconf 87' lang='lat' dir='ltr'>ut</span> 
     </span>
     <span class='ocr_line' id='line_1_6' title="bbox 351 992 1499 1080; baseline 0.003 -25"><span class='ocrx_word' id='word_1_40' title='bbox 351 1013 436 1056; x_wconf 91' lang='lat' dir='ltr'>nunc</span> <span class='ocrx_word' id='word_1_41' title='bbox 464 993 545 1057; x_wconf 90' lang='lat' dir='ltr'>duae</span> <span class='ocrx_word' id='word_1_42' title='bbox 573 993 709 1058; x_wconf 88' lang='lat' dir='ltr'>lacunae</span> <span class='ocrx_word' id='word_1_43' title='bbox 737 1015 806 1058; x_wconf 91' lang='lat' dir='ltr'>esse</span> <span class='ocrx_word' id='word_1_44' title='bbox 829 995 1015 1080; x_wconf 89' lang='lat' dir='ltr'>videantur,</span> <span class='ocrx_word' id='word_1_45' title='bbox 1047 1015 1130 1079; x_wconf 88' lang='lat' dir='ltr'>quae</span> <span class='ocrx_word' id='word_1_46' title='bbox 1153 1014 1220 1058; x_wconf 90' lang='lat' dir='ltr'>una</span> <span class='ocrx_word' id='word_1_47' title='bbox 1241 992 1306 1057; x_wconf 87' lang='lat' dir='ltr'>fuit</span> <span class='ocrx_word' id='word_1_48' title='bbox 1328 993 1499 1076; x_wconf 87' lang='lat' dir='ltr'>utriusque</span> 
     </span>
     <span class='ocr_line' id='line_1_7' title="bbox 351 1098 1496 1185; baseline 0.001 -23"><span class='ocrx_word' id='word_1_49' title='bbox 351 1098 482 1164; x_wconf 90' lang='lat' dir='ltr'>fabulae</span> <span class='ocrx_word' id='word_1_50' title='bbox 510 1101 699 1165; x_wconf 87' lang='lat' dir='ltr'>communis.</span> <span class='ocrx_word' id='word_1_51' title='bbox 745 1100 905 1166; x_wconf 83' lang='lat' dir='ltr'>Pristinus</span> <span class='ocrx_word' id='word_1_52' title='bbox 933 1103 1019 1167; x_wconf 91' lang='lat' dir='ltr'>euim</span> <span class='ocrx_word' id='word_1_53' title='bbox 1047 1102 1141 1185; x_wconf 91' lang='lat' dir='ltr'>ordo,</span> <span class='ocrx_word' id='word_1_54' title='bbox 1173 1121 1239 1166; x_wconf 91' lang='lat' dir='ltr'>uon</span> <span class='ocrx_word' id='word_1_55' title='bbox 1262 1099 1367 1166; x_wconf 89' lang='lat' dir='ltr'>dicam</span> <span class='ocrx_word' id='word_1_56' title='bbox 1390 1099 1496 1185; x_wconf 89' lang='lat' dir='ltr'>qualis</span> 
     </span>
     <span class='ocr_line' id='line_1_8' title="bbox 353 1205 1497 1293; baseline 0.002 -24"><span class='ocrx_word' id='word_1_57' title='bbox 353 1205 459 1290; x_wconf 83' lang='lat' dir='ltr'>luerit,</span> <span class='ocrx_word' id='word_1_58' title='bbox 482 1206 538 1272; x_wconf 90' lang='lat' dir='ltr'>ssd</span> <span class='ocrx_word' id='word_1_59' title='bbox 562 1207 666 1293; x_wconf 91' lang='lat' dir='ltr'>qualis</span> <span class='ocrx_word' id='word_1_60' title='bbox 689 1207 765 1292; x_wconf 87' lang='lat' dir='ltr'>fere,</span> <span class='ocrx_word' id='word_1_61' title='bbox 790 1207 894 1273; x_wconf 90' lang='lat' dir='ltr'>conici</span> <span class='ocrx_word' id='word_1_62' title='bbox 918 1230 956 1274; x_wconf 89' lang='lat' dir='ltr'>ex</span> <span class='ocrx_word' id='word_1_63' title='bbox 978 1209 1197 1274; x_wconf 87' lang='lat' dir='ltr'>Ambrosiano</span> <span class='ocrx_word' id='word_1_64' title='bbox 1220 1211 1339 1293; x_wconf 89' lang='lat' dir='ltr'>potest,</span> <span class='ocrx_word' id='word_1_65' title='bbox 1362 1208 1416 1292; x_wconf 92' lang='lat' dir='ltr'>qui</span> <span class='ocrx_word' id='word_1_66' title='bbox 1436 1206 1497 1272; x_wconf 93' lang='lat' dir='ltr'>hoc</span> 
     </span>
    </p>
   </div>
   <div class='ocr_carea' id='block_1_3' title="bbox 296 1311 1501 3644">
    <p class='ocr_par' dir='ltr' id='par_1_3' title="bbox 296 1311 1501 3644">
     <span class='ocr_line' id='line_1_9' title="bbox 352 1311 1498 1400; baseline 0 -23"><span class='ocrx_word' id='word_1_67' title='bbox 352 1312 449 1398; x_wconf 84' lang='lat' dir='ltr'>longe</span> <span class='ocrx_word' id='word_1_68' title='bbox 473 1313 600 1379; x_wconf 90' lang='lat' dir='ltr'>diverso</span> <span class='ocrx_word' id='word_1_69' title='bbox 623 1315 798 1381; x_wconf 88' lang='lat' dir='ltr'>collocatas</span> <span class='ocrx_word' id='word_1_70' title='bbox 821 1314 949 1381; x_wconf 88' lang='lat' dir='ltr'>habuit:</span> <span class='ocrx_word' id='word_1_71' title='bbox 973 1319 1038 1381; x_wconf 90' lang='lat' dir='ltr'>tres</span> <span class='ocrx_word' id='word_1_72' title='bbox 1061 1317 1192 1400; x_wconf 88' lang='lat' dir='ltr'>primas,</span> <span class='ocrx_word' id='word_1_73' title='bbox 1215 1311 1402 1397; x_wconf 86' lang='lat' dir='ltr'>Bacchides,</span> <span class='ocrx_word' id='word_1_74' title='bbox 1425 1335 1498 1378; x_wconf 92' lang='lat' dir='ltr'>cum</span> 
     </span>
     <span class='ocr_line' id='line_1_10' title="bbox 352 1417 1497 1507; baseline 0 -23"><span class='ocrx_word' id='word_1_75' title='bbox 352 1417 546 1486; x_wconf 79' lang='lat' dir='ltr'>Curculione</span> <span class='ocrx_word' id='word_1_76' title='bbox 570 1418 739 1507; x_wconf 83' lang='lat' dir='ltr'>Captivos,</span> <span class='ocrx_word' id='word_1_77' title='bbox 763 1419 916 1488; x_wconf 86' lang='lat' dir='ltr'>Casinam</span> <span class='ocrx_word' id='word_1_78' title='bbox 939 1419 1157 1488; x_wconf 89' lang='lat' dir='ltr'>Cistellariam</span> <span class='ocrx_word' id='word_1_79' title='bbox 1180 1421 1353 1506; x_wconf 80' lang='lat' dir='ltr'>Epidicum</span> <span class='ocrx_word' id='word_1_80' title='bbox 1376 1419 1497 1486; x_wconf 88' lang='lat' dir='ltr'>Merca·</span> 
     </span>
     <span class='ocr_line' id='line_1_11' title="bbox 351 1523 1499 1615; baseline -0.001 -23"><span class='ocrx_word' id='word_1_81' title='bbox 351 1529 457 1592; x_wconf 88' lang='lat' dir='ltr'>torem</span> <span class='ocrx_word' id='word_1_82' title='bbox 479 1523 714 1594; x_wconf 88' lang='lat' dir='ltr'>Mostellariam</span> <span class='ocrx_word' id='word_1_83' title='bbox 738 1528 876 1594; x_wconf 87' lang='lat' dir='ltr'>Militem</span> <span class='ocrx_word' id='word_1_84' title='bbox 896 1530 1074 1615; x_wconf 85' lang='lat' dir='ltr'>gloriosum</span> <span class='ocrx_word' id='word_1_85' title='bbox 1097 1528 1326 1594; x_wconf 88' lang='lat' dir='ltr'>Menaechmos</span> <span class='ocrx_word' id='word_1_86' title='bbox 1350 1526 1499 1592; x_wconf 82' lang='lat' dir='ltr'>Trinum-</span> 
     </span>
     <span class='ocr_line' id='line_1_12' title="bbox 352 1633 1499 1702; baseline 0.002 -6"><span class='ocrx_word' id='word_1_87' title='bbox 352 1655 441 1698; x_wconf 92' lang='lat' dir='ltr'>mum</span> <span class='ocrx_word' id='word_1_88' title='bbox 465 1633 697 1701; x_wconf 86' lang='lat' dir='ltr'>Truculentum</span> <span class='ocrx_word' id='word_1_89' title='bbox 715 1636 917 1702; x_wconf 88' lang='lat' dir='ltr'>Vidulariam</span> <span class='ocrx_word' id='word_1_90' title='bbox 940 1635 1121 1701; x_wconf 89' lang='lat' dir='ltr'>Poenulum</span> <span class='ocrx_word' id='word_1_91' title='bbox 1144 1635 1277 1702; x_wconf 89' lang='lat' dir='ltr'>Persam</span> <span class='ocrx_word' id='word_1_92' title='bbox 1302 1634 1499 1701; x_wconf 90' lang='lat' dir='ltr'>Pseudulum</span> 
     </span>
     <span class='ocr_line' id='line_1_13' title="bbox 352 1739 1499 1829; baseline 0.001 -25"><span class='ocrx_word' id='word_1_93' title='bbox 352 1739 533 1806; x_wconf 88' lang='lat' dir='ltr'>Rudentem</span> <span class='ocrx_word' id='word_1_94' title='bbox 557 1739 717 1808; x_wconf 83' lang='lat' dir='ltr'>Stichum:</span> <span class='ocrx_word' id='word_1_95' title='bbox 749 1767 845 1829; x_wconf 89' lang='lat' dir='ltr'>quem</span> <span class='ocrx_word' id='word_1_96' title='bbox 874 1743 1002 1829; x_wconf 91' lang='lat' dir='ltr'>quidem</span> <span class='ocrx_word' id='word_1_97' title='bbox 1030 1742 1176 1809; x_wconf 83' lang='lat' dir='ltr'>ordinem</span> <span class='ocrx_word' id='word_1_98' title='bbox 1203 1742 1274 1808; x_wconf 84' lang='lat' dir='ltr'>falli</span> <span class='ocrx_word' id='word_1_99' title='bbox 1298 1765 1364 1809; x_wconf 91' lang='lat' dir='ltr'>nou</span> <span class='ocrx_word' id='word_1_100' title='bbox 1387 1742 1499 1806; x_wconf 89' lang='lat' dir='ltr'>videor</span> 
     </span>
     <span class='ocr_line' id='line_1_14' title="bbox 296 1848 1501 1935; baseline 0.002 -25"><span class='ocrx_word' id='word_1_101' title='bbox 296 1869 337 1909; x_wconf 78' lang='lat' dir='ltr'>xa</span> <span class='ocrx_word' id='word_1_102' title='bbox 352 1867 424 1911; x_wconf 90' lang='lat' dir='ltr'>cum</span> <span class='ocrx_word' id='word_1_103' title='bbox 448 1848 495 1912; x_wconf 89' lang='lat' dir='ltr'>ita</span> <span class='ocrx_word' id='word_1_104' title='bbox 517 1849 725 1935; x_wconf 88' lang='lat' dir='ltr'>interpretor,</span> <span class='ocrx_word' id='word_1_105' title='bbox 747 1855 785 1916; x_wconf 86' lang='lat' dir='ltr'>ut</span> <span class='ocrx_word' id='word_1_106' title='bbox 807 1873 874 1916; x_wconf 90' lang='lat' dir='ltr'>non</span> <span class='ocrx_word' id='word_1_107' title='bbox 893 1851 1055 1935; x_wconf 89' lang='lat' dir='ltr'>consulto,</span> <span class='ocrx_word' id='word_1_108' title='bbox 1079 1851 1134 1914; x_wconf 90' lang='lat' dir='ltr'>sed</span> <span class='ocrx_word' id='word_1_109' title='bbox 1158 1851 1266 1935; x_wconf 91' lang='lat' dir='ltr'>aliquo</span> <span class='ocrx_word' id='word_1_110' title='bbox 1291 1871 1368 1917; x_wconf 85' lang='lat' dir='ltr'>casu</span> <span class='ocrx_word' id='word_1_111' title='bbox 1392 1849 1501 1934; x_wconf 81' lang='lat' dir='ltr'>singu·</span> 
     </span>
     <span class='ocr_line' id='line_1_15' title="bbox 352 1953 1498 2023; baseline 0.002 -6"><span class='ocrx_word' id='word_1_112' title='bbox 352 1953 413 2018; x_wconf 90' lang='lat' dir='ltr'>lari</span> <span class='ocrx_word' id='word_1_113' title='bbox 436 1958 504 2020; x_wconf 88' lang='lat' dir='ltr'>tres</span> <span class='ocrx_word' id='word_1_114' title='bbox 526 1955 654 2022; x_wconf 86' lang='lat' dir='ltr'>fabulas</span> <span class='ocrx_word' id='word_1_115' title='bbox 678 1960 838 2023; x_wconf 84' lang='lat' dir='ltr'>extremas</span> <span class='ocrx_word' id='word_1_116' title='bbox 863 1956 1087 2023; x_wconf 82' lang='lat' dir='ltr'>Trinummum</span> <span class='ocrx_word' id='word_1_117' title='bbox 1111 1957 1341 2022; x_wconf 84' lang='lat' dir='ltr'>Truculentum</span> <span class='ocrx_word' id='word_1_118' title='bbox 1364 1954 1498 2020; x_wconf 91' lang='lat' dir='ltr'>Vidula-</span> 
     </span>
     <span class='ocr_line' id='line_1_16' title="bbox 352 2060 1498 2149; baseline 0.001 -25"><span class='ocrx_word' id='word_1_119' title='bbox 352 2061 435 2126; x_wconf 87' lang='lat' dir='ltr'>riam</span> <span class='ocrx_word' id='word_1_120' title='bbox 465 2060 571 2127; x_wconf 89' lang='lat' dir='ltr'>dicam</span> <span class='ocrx_word' id='word_1_121' title='bbox 601 2065 800 2149; x_wconf 90' lang='lat' dir='ltr'>superiorem</span> <span class='ocrx_word' id='word_1_122' title='bbox 830 2065 864 2128; x_wconf 94' lang='lat' dir='ltr'>in</span> <span class='ocrx_word' id='word_1_123' title='bbox 894 2064 1002 2130; x_wconf 91' lang='lat' dir='ltr'>locum</span> <span class='ocrx_word' id='word_1_124' title='bbox 1028 2063 1206 2149; x_wconf 87' lang='lat' dir='ltr'>irrepsisse.</span> <span class='ocrx_word' id='word_1_125' title='bbox 1253 2064 1298 2130; x_wconf 81' lang='lat' dir='ltr'>Et</span> <span class='ocrx_word' id='word_1_126' title='bbox 1320 2062 1498 2129; x_wconf 82' lang='lat' dir='ltr'>Bacchides</span> 
     </span>
     <span class='ocr_line' id='line_1_17' title="bbox 352 2167 1499 2258; baseline 0.002 -27"><span class='ocrx_word' id='word_1_127' title='bbox 352 2167 483 2251; x_wconf 90' lang='lat' dir='ltr'>quidem</span> <span class='ocrx_word' id='word_1_128' title='bbox 510 2169 596 2234; x_wconf 88' lang='lat' dir='ltr'>iuter</span> <span class='ocrx_word' id='word_1_129' title='bbox 623 2169 827 2235; x_wconf 82' lang='lat' dir='ltr'>Aululariam</span> <span class='ocrx_word' id='word_1_130' title='bbox 855 2168 1076 2258; x_wconf 86' lang='lat' dir='ltr'>Captivoeque</span> <span class='ocrx_word' id='word_1_131' title='bbox 1103 2173 1131 2236; x_wconf 92' lang='lat' dir='ltr'>is</span> <span class='ocrx_word' id='word_1_132' title='bbox 1160 2192 1288 2257; x_wconf 91' lang='lat' dir='ltr'>quoque</span> <span class='ocrx_word' id='word_1_133' title='bbox 1316 2170 1413 2254; x_wconf 86' lang='lat' dir='ltr'>legit,</span> <span class='ocrx_word' id='word_1_134' title='bbox 1444 2168 1499 2253; x_wconf 92' lang='lat' dir='ltr'>qui</span> 
     </span>
     <span class='ocr_line' id='line_1_18' title="bbox 352 2275 1500 2362; baseline 0.003 -25"><span class='ocrx_word' id='word_1_135' title='bbox 352 2295 417 2338; x_wconf 91' lang='lat' dir='ltr'>non</span> <span class='ocrx_word' id='word_1_136' title='bbox 439 2275 565 2341; x_wconf 90' lang='lat' dir='ltr'>novicio</span> <span class='ocrx_word' id='word_1_137' title='bbox 590 2278 720 2343; x_wconf 88' lang='lat' dir='ltr'>saeculo</span> <span class='ocrx_word' id='word_1_138' title='bbox 744 2277 902 2361; x_wconf 86' lang='lat' dir='ltr'>excerptis</span> <span class='ocrx_word' id='word_1_139' title='bbox 926 2299 943 2342; x_wconf 96' lang='lat' dir='ltr'>e</span> <span class='ocrx_word' id='word_1_140' title='bbox 962 2276 1080 2343; x_wconf 87' lang='lat' dir='ltr'>Plauto</span> <span class='ocrx_word' id='word_1_141' title='bbox 1105 2276 1268 2344; x_wconf 88' lang='lat' dir='ltr'>adverbiis</span> <span class='ocrx_word' id='word_1_142' title='bbox 1292 2277 1389 2342; x_wconf 88' lang='lat' dir='ltr'>breve</span> <span class='ocrx_word' id='word_1_143' title='bbox 1413 2276 1500 2362; x_wconf 85' lang='lat' dir='ltr'>glos-</span> 
     </span>
     <span class='ocr_line' id='line_1_19' title="bbox 353 2381 1499 2469; baseline 0 -23"><span class='ocrx_word' id='word_1_144' title='bbox 353 2382 476 2447; x_wconf 86' lang='lat' dir='ltr'>sarium</span> <span class='ocrx_word' id='word_1_145' title='bbox 506 2382 586 2448; x_wconf 91' lang='lat' dir='ltr'>illud</span> <span class='ocrx_word' id='word_1_146' title='bbox 616 2383 761 2448; x_wconf 89' lang='lat' dir='ltr'>condidit</span> <span class='ocrx_word' id='word_1_147' title='bbox 770 2381 818 2469; x_wconf 75' lang='lat'>*),</span> <span class='ocrx_word' id='word_1_148' title='bbox 846 2384 939 2448; x_wconf 89' lang='lat' dir='ltr'>cuius</span> <span class='ocrx_word' id='word_1_149' title='bbox 969 2405 1038 2468; x_wconf 91' lang='lat' dir='ltr'>cap.</span> <span class='ocrx_word' id='word_1_150' title='bbox 1059 2383 1094 2448; x_wconf 94' lang='lat' dir='ltr'>ll</span> <span class='ocrx_word' id='word_1_151' title='bbox 1121 2384 1318 2449; x_wconf 86' lang='lat' dir='ltr'>mentionem</span> <span class='ocrx_word' id='word_1_152' title='bbox 1345 2382 1499 2448; x_wconf 86' lang='lat' dir='ltr'>fecimus:</span> 
     </span>
     <span class='ocr_line' id='line_1_20' title="bbox 353 2487 1500 2574; baseline 0 -22"><span class='ocrx_word' id='word_1_153' title='bbox 353 2487 437 2572; x_wconf 90' lang='lat' dir='ltr'>quod</span> <span class='ocrx_word' id='word_1_154' title='bbox 467 2509 530 2574; x_wconf 91' lang='lat' dir='ltr'>quo</span> <span class='ocrx_word' id='word_1_155' title='bbox 560 2489 670 2554; x_wconf 92' lang='lat' dir='ltr'>libello</span> <span class='ocrx_word' id='word_1_156' title='bbox 699 2488 870 2573; x_wconf 87' lang='lat' dir='ltr'>edidimus,</span> <span class='ocrx_word' id='word_1_157' title='bbox 903 2490 937 2554; x_wconf 93' lang='lat' dir='ltr'>in</span> <span class='ocrx_word' id='word_1_158' title='bbox 961 2511 999 2556; x_wconf 93' lang='lat' dir='ltr'>eo</span> <span class='ocrx_word' id='word_1_159' title='bbox 1023 2491 1129 2556; x_wconf 89' lang='lat' dir='ltr'>locum</span> <span class='ocrx_word' id='word_1_160' title='bbox 1153 2490 1247 2555; x_wconf 91' lang='lat' dir='ltr'>illum</span> <span class='ocrx_word' id='word_1_161' title='bbox 1270 2511 1412 2570; x_wconf 91' lang='lat' dir='ltr'>omnem,</span> <span class='ocrx_word' id='word_1_162' title='bbox 1444 2488 1500 2574; x_wconf 93' lang='lat' dir='ltr'>qui</span> 
     </span>
     <span class='ocr_line' id='line_1_21' title="bbox 353 2595 1498 2676; baseline 0 -17"><span class='ocrx_word' id='word_1_163' title='bbox 353 2600 404 2660; x_wconf 89' lang='lat' dir='ltr'>est</span> <span class='ocrx_word' id='word_1_164' title='bbox 427 2595 465 2660; x_wconf 91' lang='lat' dir='ltr'>de</span> <span class='ocrx_word' id='word_1_165' title='bbox 489 2596 718 2661; x_wconf 90' lang='lat' dir='ltr'>collocatarum</span> <span class='ocrx_word' id='word_1_166' title='bbox 742 2595 926 2662; x_wconf 86' lang='lat' dir='ltr'>fabularum</span> <span class='ocrx_word' id='word_1_167' title='bbox 945 2597 1056 2662; x_wconf 93' lang='lat' dir='ltr'>ordine</span> <span class='ocrx_word' id='word_1_168' title='bbox 1079 2598 1113 2662; x_wconf 91' lang='lat' dir='ltr'>in</span> <span class='ocrx_word' id='word_1_169' title='bbox 1137 2597 1210 2663; x_wconf 88' lang='lat' dir='ltr'>aliis</span> <span class='ocrx_word' id='word_1_170' title='bbox 1234 2597 1326 2661; x_wconf 90' lang='lat' dir='ltr'>libris</span> <span class='ocrx_word' id='word_1_171' title='bbox 1349 2596 1423 2676; x_wconf 89' lang='lat' dir='ltr'>alio,</span> <span class='ocrx_word' id='word_1_172' title='bbox 1447 2596 1498 2660; x_wconf 90' lang='lat' dir='ltr'>de·</span> 
     </span>
     <span class='ocr_line' id='line_1_22' title="bbox 353 2699 1500 2789; baseline 0.001 -24"><span class='ocrx_word' id='word_1_173' title='bbox 353 2701 421 2766; x_wconf 88' lang='lat' dir='ltr'>dita</span> <span class='ocrx_word' id='word_1_174' title='bbox 444 2724 543 2788; x_wconf 89' lang='lat' dir='ltr'>opera</span> <span class='ocrx_word' id='word_1_175' title='bbox 565 2704 836 2788; x_wconf 86' lang='lat' dir='ltr'>pertractavimus</span> <span class='ocrx_word' id='word_1_176' title='bbox 860 2703 991 2789; x_wconf 89' lang='lat' dir='ltr'>[Opusc.</span> <span class='ocrx_word' id='word_1_177' title='bbox 1016 2704 1093 2789; x_wconf 93' lang='lat' dir='ltr'>phil.</span> <span class='ocrx_word' id='word_1_178' title='bbox 1116 2703 1149 2768; x_wconf 93' lang='lat' dir='ltr'>II</span> <span class='ocrx_word' id='word_1_179' title='bbox 1172 2727 1203 2789; x_wconf 91' lang='lat' dir='ltr'>p.</span> <span class='ocrx_word' id='word_1_180' title='bbox 1226 2705 1290 2770; x_wconf 76' lang='lat'>237</span> <span class='ocrx_word' id='word_1_181' title='bbox 1307 2705 1398 2788; x_wconf 87' lang='lat' dir='ltr'>sqq.].</span> <span class='ocrx_word' id='word_1_182' title='bbox 1435 2699 1500 2766; x_wconf 79' lang='lat' dir='ltr'>No</span> 
     </span>
     <span class='ocr_line' id='line_1_23' title="bbox 353 2807 1498 2896; baseline 0.001 -24"><span class='ocrx_word' id='word_1_183' title='bbox 353 2829 429 2872; x_wconf 92' lang='lat' dir='ltr'>vum</span> <span class='ocrx_word' id='word_1_184' title='bbox 453 2813 561 2874; x_wconf 89' lang='lat' dir='ltr'>autem</span> <span class='ocrx_word' id='word_1_185' title='bbox 585 2810 729 2876; x_wconf 87' lang='lat' dir='ltr'>ordinem</span> <span class='ocrx_word' id='word_1_186' title='bbox 753 2809 921 2896; x_wconf 89' lang='lat' dir='ltr'>quodiam</span> <span class='ocrx_word' id='word_1_187' title='bbox 940 2811 1019 2876; x_wconf 89' lang='lat' dir='ltr'>olim</span> <span class='ocrx_word' id='word_1_188' title='bbox 1039 2811 1079 2876; x_wconf 86' lang='lat' dir='ltr'>ad</span> <span class='ocrx_word' id='word_1_189' title='bbox 1094 2807 1314 2876; x_wconf 68' lang='lat' dir='ltr'>Cancrorlvn</span> <span class='ocrx_word' id='word_1_190' title='bbox 1333 2813 1498 2875; x_wconf 86' lang='lat' dir='ltr'>auctorem</span> 
     </span>
     <span class='ocr_line' id='line_1_24' title="bbox 353 2914 1500 3002; baseline 0.003 -24"><span class='ocrx_word' id='word_1_191' title='bbox 353 2916 464 2980; x_wconf 88' lang='lat' dir='ltr'>rettuli</span> <span class='ocrx_word' id='word_1_192' title='bbox 489 2917 711 3002; x_wconf 88' lang='lat' dir='ltr'>coniectando,</span> <span class='ocrx_word' id='word_1_193' title='bbox 734 2917 767 2982; x_wconf 91' lang='lat' dir='ltr'>id</span> <span class='ocrx_word' id='word_1_194' title='bbox 795 2937 881 2983; x_wconf 91' lang='lat' dir='ltr'>nunc</span> <span class='ocrx_word' id='word_1_195' title='bbox 909 2920 1004 2983; x_wconf 87' lang='lat' dir='ltr'>teneo</span> <span class='ocrx_word' id='word_1_196' title='bbox 1032 2914 1093 2982; x_wconf 91' lang='lat' dir='ltr'>hac</span> <span class='ocrx_word' id='word_1_197' title='bbox 1115 2915 1365 2983; x_wconf 87' lang='lat' dir='ltr'>ratiocinatione</span> <span class='ocrx_word' id='word_1_198' title='bbox 1387 2915 1500 3001; x_wconf 86' lang='lat' dir='ltr'>fretus,</span> 
     </span>
     <span class='ocr_line' id='line_1_25' title="bbox 354 3022 1499 3108; baseline 0.001 -22"><span class='ocrx_word' id='word_1_199' title='bbox 354 3022 438 3106; x_wconf 90' lang='lat' dir='ltr'>quod</span> <span class='ocrx_word' id='word_1_200' title='bbox 462 3026 495 3088; x_wconf 89' lang='lat' dir='ltr'>et</span> <span class='ocrx_word' id='word_1_201' title='bbox 517 3023 581 3089; x_wconf 85' lang='lat' dir='ltr'>fuit</span> <span class='ocrx_word' id='word_1_202' title='bbox 603 3023 752 3108; x_wconf 91' lang='lat' dir='ltr'>Calliopii</span> <span class='ocrx_word' id='word_1_203' title='bbox 777 3024 921 3090; x_wconf 88' lang='lat' dir='ltr'>recensio</span> <span class='ocrx_word' id='word_1_204' title='bbox 945 3023 1102 3108; x_wconf 89' lang='lat' dir='ltr'>quaedam</span> <span class='ocrx_word' id='word_1_205' title='bbox 1126 3023 1350 3090; x_wconf 86' lang='lat' dir='ltr'>Plautinarum</span> <span class='ocrx_word' id='word_1_206' title='bbox 1375 3022 1499 3088; x_wconf 86' lang='lat' dir='ltr'>fabula·</span> 
     </span>
     <span class='ocr_line' id='line_1_26' title="bbox 353 3129 1499 3217; baseline -0.001 -23"><span class='ocrx_word' id='word_1_207' title='bbox 353 3151 424 3194; x_wconf 90' lang='lat' dir='ltr'>rum</span> <span class='ocrx_word' id='word_1_208' title='bbox 449 3134 482 3195; x_wconf 90' lang='lat' dir='ltr'>et</span> <span class='ocrx_word' id='word_1_209' title='bbox 504 3153 542 3196; x_wconf 84' lang='lat' dir='ltr'>ex</span> <span class='ocrx_word' id='word_1_210' title='bbox 566 3154 604 3198; x_wconf 87' lang='lat' dir='ltr'>ea</span> <span class='ocrx_word' id='word_1_211' title='bbox 623 3133 697 3217; x_wconf 92' lang='lat' dir='ltr'>ipsa</span> <span class='ocrx_word' id='word_1_212' title='bbox 715 3133 912 3216; x_wconf 87' lang='lat' dir='ltr'>recensione,</span> <span class='ocrx_word' id='word_1_213' title='bbox 934 3131 999 3196; x_wconf 92' lang='lat' dir='ltr'>nisi</span> <span class='ocrx_word' id='word_1_214' title='bbox 1019 3131 1128 3197; x_wconf 88' lang='lat' dir='ltr'>omnia</span> <span class='ocrx_word' id='word_1_215' title='bbox 1146 3131 1275 3216; x_wconf 86' lang='lat' dir='ltr'>fallunt,</span> <span class='ocrx_word' id='word_1_216' title='bbox 1297 3129 1403 3196; x_wconf 87' lang='lat' dir='ltr'>nostri</span> <span class='ocrx_word' id='word_1_217' title='bbox 1421 3129 1499 3195; x_wconf 88' lang='lat' dir='ltr'>libri</span> 
     </span>
     <span class='ocr_line' id='line_1_27' title="bbox 353 3235 1499 3322; baseline -0.002 -22"><span class='ocrx_word' id='word_1_218' title='bbox 353 3259 429 3302; x_wconf 87' lang='lat' dir='ltr'>mss.</span> <span class='ocrx_word' id='word_1_219' title='bbox 453 3237 622 3303; x_wconf 86' lang='lat' dir='ltr'>fluxerunt</span> <span class='ocrx_word' id='word_1_220' title='bbox 654 3235 755 3303; x_wconf 88' lang='lat' dir='ltr'>Cuius</span> <span class='ocrx_word' id='word_1_221' title='bbox 779 3237 908 3322; x_wconf 91' lang='lat' dir='ltr'>quidem</span> <span class='ocrx_word' id='word_1_222' title='bbox 932 3237 978 3302; x_wconf 90' lang='lat' dir='ltr'>rei</span> <span class='ocrx_word' id='word_1_223' title='bbox 1003 3239 1066 3303; x_wconf 84' lang='lat' dir='ltr'>etsi</span> <span class='ocrx_word' id='word_1_224' title='bbox 1089 3239 1279 3304; x_wconf 89' lang='lat' dir='ltr'>memoriam</span> <span class='ocrx_word' id='word_1_225' title='bbox 1298 3259 1315 3302; x_wconf 89' lang='lat' dir='ltr'>e</span> <span class='ocrx_word' id='word_1_226' title='bbox 1333 3235 1499 3303; x_wconf 90' lang='lat' dir='ltr'>&#39;codicibus</span> 
     </span>
     <span class='ocr_line' id='line_1_28' title="bbox 353 3343 1498 3430; baseline 0.001 -24"><span class='ocrx_word' id='word_1_227' title='bbox 353 3343 481 3408; x_wconf 87' lang='lat' dir='ltr'>circiter</span> <span class='ocrx_word' id='word_1_228' title='bbox 511 3345 692 3430; x_wconf 84' lang='lat' dir='ltr'>nonaginta</span> <span class='ocrx_word' id='word_1_229' title='bbox 723 3365 743 3410; x_wconf 90' lang='lat' dir='ltr'>a</span> <span class='ocrx_word' id='word_1_230' title='bbox 772 3367 825 3410; x_wconf 90' lang='lat' dir='ltr'>me</span> <span class='ocrx_word' id='word_1_231' title='bbox 854 3345 1010 3429; x_wconf 88' lang='lat' dir='ltr'>inspectis</span> <span class='ocrx_word' id='word_1_232' title='bbox 1040 3367 1123 3411; x_wconf 89' lang='lat' dir='ltr'>unus</span> <span class='ocrx_word' id='word_1_233' title='bbox 1153 3347 1281 3410; x_wconf 88' lang='lat' dir='ltr'>tantum</span> <span class='ocrx_word' id='word_1_234' title='bbox 1311 3347 1498 3428; x_wconf 88' lang='lat' dir='ltr'>pertenuem</span> 
     </span>
     <span class='ocr_line' id='line_1_29' title="bbox 353 3451 1500 3536; baseline 0.002 -23"><span class='ocrx_word' id='word_1_235' title='bbox 353 3451 504 3535; x_wconf 88' lang='lat' dir='ltr'>servavit,</span> <span class='ocrx_word' id='word_1_236' title='bbox 526 3451 619 3536; x_wconf 89' lang='lat' dir='ltr'>isque</span> <span class='ocrx_word' id='word_1_237' title='bbox 642 3452 729 3518; x_wconf 90' lang='lat' dir='ltr'>solas</span> <span class='ocrx_word' id='word_1_238' title='bbox 754 3455 828 3517; x_wconf 91' lang='lat' dir='ltr'>octo</span> <span class='ocrx_word' id='word_1_239' title='bbox 845 3452 975 3518; x_wconf 86' lang='lat' dir='ltr'>fabulas</span> <span class='ocrx_word' id='word_1_240' title='bbox 994 3454 1119 3536; x_wconf 87' lang='lat' dir='ltr'>priores</span> <span class='ocrx_word' id='word_1_241' title='bbox 1138 3451 1366 3536; x_wconf 86' lang='lat' dir='ltr'>complectens,</span> <span class='ocrx_word' id='word_1_242' title='bbox 1388 3455 1500 3515; x_wconf 90' lang='lat' dir='ltr'>tamen</span> 
     </span>
     <span class='ocr_line' id='line_1_30' title="bbox 353 3555 1498 3644; baseline 0.001 -24"><span class='ocrx_word' id='word_1_243' title='bbox 353 3555 432 3620; x_wconf 90' lang='lat' dir='ltr'>fides</span> <span class='ocrx_word' id='word_1_244' title='bbox 456 3579 516 3622; x_wconf 91' lang='lat' dir='ltr'>nec</span> <span class='ocrx_word' id='word_1_245' title='bbox 538 3579 609 3624; x_wconf 87' lang='lat' dir='ltr'>esse</span> <span class='ocrx_word' id='word_1_246' title='bbox 632 3557 854 3625; x_wconf 87' lang='lat' dir='ltr'>addubitanda</span> <span class='ocrx_word' id='word_1_247' title='bbox 875 3559 1003 3625; x_wconf 85' lang='lat' dir='ltr'>videtur</span> <span class='ocrx_word' id='word_1_248' title='bbox 1024 3581 1093 3644; x_wconf 90' lang='lat' dir='ltr'>nec,</span> <span class='ocrx_word' id='word_1_249' title='bbox 1116 3560 1143 3624; x_wconf 87' lang='lat' dir='ltr'>si</span> <span class='ocrx_word' id='word_1_250' title='bbox 1166 3558 1200 3624; x_wconf 91' lang='lat' dir='ltr'>id</span> <span class='ocrx_word' id='word_1_251' title='bbox 1224 3558 1389 3644; x_wconf 89' lang='lat' dir='ltr'>sequimur</span> <span class='ocrx_word' id='word_1_252' title='bbox 1412 3557 1498 3643; x_wconf 89' lang='lat' dir='ltr'>quod</span> 
     </span>
    </p>
   </div>
   <div class='ocr_carea' id='block_1_4' title="bbox 353 3685 565 3696">
    <p class='ocr_par' dir='ltr' id='par_1_4' title="bbox 353 3685 565 3696">
     <span class='ocr_line' id='line_1_31' title="bbox 353 3685 565 3696; baseline 0 -2"><span class='ocrx_word' id='word_1_253' title='bbox 353 3685 565 3696; x_wconf 65' lang='lat'>-.--—-.-.—</span> 
     </span>
    </p>
   </div>
   <div class='ocr_carea' id='block_1_5' title="bbox 352 3731 1500 4603">
    <p class='ocr_par' dir='ltr' id='par_1_5' title="bbox 352 3731 1500 4603">
     <span class='ocr_line' id='line_1_32' title="bbox 441 3731 1499 3805; baseline 0 -17"><span class='ocrx_word' id='word_1_254' title='bbox 441 3733 468 3802; x_wconf 77' lang='lat'>⁸)</span> <span class='ocrx_word' id='word_1_255' title='bbox 487 3733 554 3790; x_wconf 86' lang='lat' dir='ltr'>Eius</span> <span class='ocrx_word' id='word_1_256' title='bbox 574 3737 654 3791; x_wconf 86' lang='lat' dir='ltr'>tauto</span> <span class='ocrx_word' id='word_1_257' title='bbox 672 3734 763 3791; x_wconf 86' lang='lat' dir='ltr'>maior</span> <span class='ocrx_word' id='word_1_258' title='bbox 781 3737 825 3790; x_wconf 88' lang='lat' dir='ltr'>est</span> <span class='ocrx_word' id='word_1_259' title='bbox 843 3734 1006 3805; x_wconf 86' lang='lat' dir='ltr'>auctoritas,</span> <span class='ocrx_word' id='word_1_260' title='bbox 1026 3734 1102 3804; x_wconf 89' lang='lat' dir='ltr'>quod</span> <span class='ocrx_word' id='word_1_261' title='bbox 1119 3751 1176 3791; x_wconf 91' lang='lat' dir='ltr'>uou</span> <span class='ocrx_word' id='word_1_262' title='bbox 1194 3735 1303 3790; x_wconf 83' lang='lat' dir='ltr'>tantum</span> <span class='ocrx_word' id='word_1_263' title='bbox 1322 3731 1499 3789; x_wconf 85' lang='lat' dir='ltr'>Vidulariam</span> 
     </span>
     <span class='ocr_line' id='line_1_33' title="bbox 352 3821 1499 3895; baseline 0.002 -19"><span class='ocrx_word' id='word_1_264' title='bbox 352 3821 508 3892; x_wconf 84' lang='lat' dir='ltr'>usurpavit,</span> <span class='ocrx_word' id='word_1_265' title='bbox 526 3823 680 3880; x_wconf 87' lang='lat' dir='ltr'>sedetiam</span> <span class='ocrx_word' id='word_1_266' title='bbox 699 3824 933 3895; x_wconf 85' lang='lat' dir='ltr'>Amphitruonem</span> <span class='ocrx_word' id='word_1_267' title='bbox 951 3823 1106 3880; x_wconf 87' lang='lat' dir='ltr'>Bacchides</span> <span class='ocrx_word' id='word_1_268' title='bbox 1126 3826 1155 3879; x_wconf 88' lang='lat' dir='ltr'>et</span> <span class='ocrx_word' id='word_1_269' title='bbox 1169 3821 1356 3880; x_wconf 73' lang='lat' dir='ltr'>Cistellmiam</span> <span class='ocrx_word' id='word_1_270' title='bbox 1374 3821 1499 3892; x_wconf 72' lang='lat' dir='ltr'>integrm</span> 
     </span>
     <span class='ocr_line' id='line_1_34' title="bbox 352 3909 1499 3984; baseline -0.002 -18"><span class='ocrx_word' id='word_1_271' title='bbox 352 3910 460 3967; x_wconf 81' lang='lat' dir='ltr'>habuit</span> <span class='ocrx_word' id='word_1_272' title='bbox 495 3913 631 3979; x_wconf 84' lang='lat' dir='ltr'>Quicum</span> <span class='ocrx_word' id='word_1_273' title='bbox 650 3913 736 3970; x_wconf 89' lang='lat' dir='ltr'>etiam</span> <span class='ocrx_word' id='word_1_274' title='bbox 755 3912 784 3968; x_wconf 91' lang='lat' dir='ltr'>in</span> <span class='ocrx_word' id='word_1_275' title='bbox 803 3911 867 3969; x_wconf 86' lang='lat' dir='ltr'>aliis</span> <span class='ocrx_word' id='word_1_276' title='bbox 885 3911 990 3968; x_wconf 80' lang='lat' dir='ltr'>tabulis</span> <span class='ocrx_word' id='word_1_277' title='bbox 1009 3912 1171 3984; x_wconf 78' lang='lat' dir='ltr'>selegerit,</span> <span class='ocrx_word' id='word_1_278' title='bbox 1189 3927 1261 3982; x_wconf 87' lang='lat' dir='ltr'>quae</span> <span class='ocrx_word' id='word_1_279' title='bbox 1279 3911 1309 3966; x_wconf 89' lang='lat' dir='ltr'>in</span> <span class='ocrx_word' id='word_1_280' title='bbox 1327 3909 1409 3966; x_wconf 75' lang='lat'><em>1301)</em></span> <span class='ocrx_word' id='word_1_281' title='bbox 1426 3910 1499 3966; x_wconf 87' lang='lat' dir='ltr'>desi-</span> 
     </span>
     <span class='ocr_line' id='line_1_35' title="bbox 353 4000 1497 4074; baseline -0.002 -16"><span class='ocrx_word' id='word_1_282' title='bbox 353 4003 496 4058; x_wconf 76' lang='lat' dir='ltr'>deranturr</span> <span class='ocrx_word' id='word_1_283' title='bbox 516 4005 582 4072; x_wconf 89' lang='lat' dir='ltr'>(qno</span> <span class='ocrx_word' id='word_1_284' title='bbox 600 4003 693 4074; x_wconf 90' lang='lat' dir='ltr'>ipsum</span> <span class='ocrx_word' id='word_1_285' title='bbox 711 4002 781 4058; x_wconf 93' lang='lat' dir='ltr'>illud</span> <span class='ocrx_word' id='word_1_286' title='bbox 800 4003 915 4058; x_wconf 71' lang='lat' dir='ltr'>socoiur</span> <span class='ocrx_word' id='word_1_287' title='bbox 933 4000 1094 4058; x_wconf 85' lang='lat' dir='ltr'>rettulimus</span> <span class='ocrx_word' id='word_1_288' title='bbox 1113 4018 1129 4057; x_wconf 95' lang='lat' dir='ltr'>e</span> <span class='ocrx_word' id='word_1_289' title='bbox 1147 4000 1311 4056; x_wconf 82' lang='lat' dir='ltr'>Trinummo</span> <span class='ocrx_word' id='word_1_290' title='bbox 1330 4015 1497 4056; x_wconf 88' lang='lat' dir='ltr'>commemo·</span> 
     </span>
     <span class='ocr_line' id='line_1_36' title="bbox 353 4087 1499 4164; baseline -0.004 -17"><span class='ocrx_word' id='word_1_291' title='bbox 353 4094 469 4162; x_wconf 72' lang='lat' dir='ltr'>ratums)</span> <span class='ocrx_word' id='word_1_292' title='bbox 488 4095 612 4164; x_wconf 85' lang='lat' dir='ltr'>apparet·</span> <span class='ocrx_word' id='word_1_293' title='bbox 620 4108 686 4148; x_wconf 89' lang='lat' dir='ltr'>eum</span> <span class='ocrx_word' id='word_1_294' title='bbox 699 4089 786 4147; x_wconf 85' lang='lat' dir='ltr'>simili</span> <span class='ocrx_word' id='word_1_295' title='bbox 800 4089 979 4150; x_wconf 67' lang='lat' dir='ltr'>ambrosiani</span> <span class='ocrx_word' id='word_1_296' title='bbox 997 4091 1101 4160; x_wconf 86' lang='lat' dir='ltr'>codice,</span> <span class='ocrx_word' id='word_1_297' title='bbox 1120 4090 1166 4146; x_wconf 81' lang='lat' dir='ltr'>vel</span> <span class='ocrx_word' id='word_1_298' title='bbox 1184 4089 1297 4158; x_wconf 88' lang='lat' dir='ltr'>qualem</span> <span class='ocrx_word' id='word_1_299' title='bbox 1316 4105 1335 4143; x_wconf 90' lang='lat' dir='ltr'>c</span> <span class='ocrx_word' id='word_1_300' title='bbox 1353 4087 1499 4159; x_wconf 86' lang='lat' dir='ltr'>descripsi·</span> 
     </span>
     <span class='ocr_line' id='line_1_37' title="bbox 353 4177 1498 4250; baseline -0.003 -14"><span class='ocrx_word' id='word_1_301' title='bbox 353 4199 427 4250; x_wconf 89' lang='lat' dir='ltr'>mus,</span> <span class='ocrx_word' id='word_1_302' title='bbox 450 4199 531 4237; x_wconf 87' lang='lat' dir='ltr'>usum</span> <span class='ocrx_word' id='word_1_303' title='bbox 554 4197 622 4238; x_wconf 88' lang='lat' dir='ltr'>esse.</span> <span class='ocrx_word' id='word_1_304' title='bbox 661 4178 790 4236; x_wconf 85' lang='lat' dir='ltr'>Ceterum</span> <span class='ocrx_word' id='word_1_305' title='bbox 815 4179 941 4236; x_wconf 87' lang='lat' dir='ltr'>ordinem</span> <span class='ocrx_word' id='word_1_306' title='bbox 966 4178 1172 4235; x_wconf 75' lang='lat' dir='ltr'>comoediarum</span> <span class='ocrx_word' id='word_1_307' title='bbox 1195 4195 1308 4248; x_wconf 88' lang='lat' dir='ltr'>prorsus</span> <span class='ocrx_word' id='word_1_308' title='bbox 1327 4177 1498 4249; x_wconf 76' lang='lat' dir='ltr'>singularem</span> 
     </span>
     <span class='ocr_line' id='line_1_38' title="bbox 353 4265 1498 4340; baseline -0.005 -14"><span class='ocrx_word' id='word_1_309' title='bbox 353 4273 397 4326; x_wconf 87' lang='lat' dir='ltr'>est</span> <span class='ocrx_word' id='word_1_310' title='bbox 415 4273 536 4340; x_wconf 88' lang='lat' dir='ltr'>secutus,</span> <span class='ocrx_word' id='word_1_311' title='bbox 554 4285 610 4340; x_wconf 89' lang='lat' dir='ltr'>quo</span> <span class='ocrx_word' id='word_1_312' title='bbox 628 4269 694 4324; x_wconf 87' lang='lat' dir='ltr'>illae</span> <span class='ocrx_word' id='word_1_313' title='bbox 713 4267 753 4324; x_wconf 87' lang='lat' dir='ltr'>sic</span> <span class='ocrx_word' id='word_1_314' title='bbox 767 4283 827 4324; x_wconf 83' lang='lat' dir='ltr'>sese</span> <span class='ocrx_word' id='word_1_315' title='bbox 841 4269 1023 4338; x_wconf 73' lang='lat' dir='ltr'>exceperunts</span> <span class='ocrx_word' id='word_1_316' title='bbox 1043 4268 1174 4324; x_wconf 76' lang='lat' dir='ltr'>damaris</span> <span class='ocrx_word' id='word_1_317' title='bbox 1182 4267 1331 4324; x_wconf 83' lang='lat' dir='ltr'>Aulularia</span> <span class='ocrx_word' id='word_1_318' title='bbox 1344 4265 1498 4323; x_wconf 82' lang='lat' dir='ltr'>Bacchides</span> 
     </span>
     <span class='ocr_line' id='line_1_39' title="bbox 353 4355 1500 4429; baseline -0.004 -15"><span class='ocrx_word' id='word_1_319' title='bbox 353 4359 466 4429; x_wconf 86' lang='lat' dir='ltr'>Captivi</span> <span class='ocrx_word' id='word_1_320' title='bbox 493 4357 595 4413; x_wconf 88' lang='lat' dir='ltr'>Casina</span> <span class='ocrx_word' id='word_1_321' title='bbox 623 4355 783 4412; x_wconf 81' lang='lat' dir='ltr'>Cistellaria</span> <span class='ocrx_word' id='word_1_322' title='bbox 810 4355 940 4412; x_wconf 89' lang='lat' dir='ltr'>Curculio</span> <span class='ocrx_word' id='word_1_323' title='bbox 967 4355 1102 4426; x_wconf 81' lang='lat' dir='ltr'>Epidicus</span> <span class='ocrx_word' id='word_1_324' title='bbox 1124 4355 1301 4412; x_wconf 82' lang='lat' dir='ltr'>Menaechmi</span> <span class='ocrx_word' id='word_1_325' title='bbox 1325 4355 1500 4412; x_wconf 77' lang='lat' dir='ltr'>Mostellaria</span> 
     </span>
     <span class='ocr_line' id='line_1_40' title="bbox 353 4443 1500 4503; baseline -0.002 -1"><span class='ocrx_word' id='word_1_326' title='bbox 353 4448 539 4503; x_wconf 81' lang='lat' dir='ltr'>Truculentus</span> <span class='ocrx_word' id='word_1_327' title='bbox 566 4445 745 4502; x_wconf 87' lang='lat' dir='ltr'>Trinummus</span> <span class='ocrx_word' id='word_1_328' title='bbox 771 4443 912 4501; x_wconf 85' lang='lat' dir='ltr'>Poenulus</span> <span class='ocrx_word' id='word_1_329' title='bbox 935 4443 1082 4500; x_wconf 78' lang='lat' dir='ltr'>Vidularia</span> <span class='ocrx_word' id='word_1_330' title='bbox 1108 4445 1223 4502; x_wconf 81' lang='lat' dir='ltr'>Rudeus</span> <span class='ocrx_word' id='word_1_331' title='bbox 1251 4445 1333 4500; x_wconf 79' lang='lat' dir='ltr'>Miles</span> <span class='ocrx_word' id='word_1_332' title='bbox 1361 4443 1500 4500; x_wconf 77' lang='lat' dir='ltr'>Mercator</span> 
     </span>
     <span class='ocr_line' id='line_1_41' title="bbox 353 4532 942 4603; baseline 0.005 -15"><span class='ocrx_word' id='word_1_333' title='bbox 353 4535 510 4590; x_wconf 84' lang='lat' dir='ltr'>Pseudolus</span> <span class='ocrx_word' id='word_1_334' title='bbox 529 4535 616 4590; x_wconf 89' lang='lat' dir='ltr'>Persa</span> <span class='ocrx_word' id='word_1_335' title='bbox 635 4532 746 4589; x_wconf 86' lang='lat' dir='ltr'>Stichus</span> <span class='ocrx_word' id='word_1_336' title='bbox 765 4533 942 4603; x_wconf 77' lang='lat' dir='ltr'>Amphitruo.</span> 
     </span>
    </p>
   </div>
   <div class='ocr_carea' id='block_1_6' title="bbox 0 0 1676 5072">
    <p class='ocr_par' dir='ltr' id='par_1_6' title="bbox 0 0 1676 5072">
     <span class='ocr_line' id='line_1_42' title="bbox 0 0 1676 5072; baseline 0 0"><span class='ocrx_word' id='word_1_337' title='bbox 0 0 1676 5072; x_wconf 95' lang='lat' dir='ltr'> </span> 
     </span>
    </p>
   </div>
  </div>
 </body>
</html>
