3332 5074
548 397 815 451 nnssosmosrs
838 397 1045 452 universas.
1308 381 1373 448 429

227 543 351 613 habuit.
398 541 505 612 Causa
536 547 622 612 enim
653 547 860 614 intermissae
888 545 1119 633 pronuntiandi
1150 543 1374 611 continuitatis
1396 567 1536 608 cnxxxrx

228 677 300 720 eum
330 658 388 719 aut
415 654 450 718 in
478 655 701 720 sententiae
730 659 787 720 aut
818 655 852 719 in
879 676 1123 721 numerorum
1154 651 1375 718 rationibus

227 760 335 844 posita
363 761 419 825 sit:
448 761 574 826 numeri
604 761 733 846 quidem
761 783 878 845 pausas
906 782 1002 827 nemo
1026 760 1129 825 nescit
1151 782 1223 824 eam
1246 762 1375 824 tantum

228 867 292 931 vim
315 867 434 932 habere
457 872 494 931 ut
519 867 695 932 admittant
718 867 853 951 hiatum,
876 889 941 933 nou
964 871 1001 933 ut
1023 867 1189 951 requirant
1211 887 1375 951 umquam.

228 971 290 1036 Sed
317 995 357 1037 ne
386 997 406 1038 a
434 974 596 1039 sententie
624 973 752 1058 quidem
780 975 852 1058 plus
880 997 977 1059 quam
1006 973 1248 1039 exeusationem
1271 971 1375 1036 hiatui

227 1083 376 1163 paratum
410 1101 479 1145 esse
518 1079 758 1146 evidentissime
795 1103 907 1145 eorum
944 1081 1163 1163 exemplorum
1200 1078 1375 1143 multitudo

227 1185 333 1270 docet,
365 1187 400 1250 in
428 1186 544 1271 quibus
572 1187 623 1251 vel
651 1187 832 1252 fortissima
860 1187 1127 1270 interpunctio
1156 1186 1288 1250 minime
1316 1185 1375 1249 im·

229 1291 332 1376 pediit
355 1293 526 1377 quominus
550 1295 679 1359 vocales
703 1293 929 1359 coalescerent.
969 1291 1043 1357 Non
1068 1295 1177 1375 potest
1200 1289 1244 1376 (si
1268 1313 1288 1354 a
1310 1290 1374 1356 sin·

227 1398 395 1484 galeribus
424 1399 618 1484 quibusdam
648 1401 803 1485 exemplis
830 1397 1015 1485 recesseris)
1045 1399 1176 1484 gravius
1200 1397 1374 1462 divortium

228 1525 412 1570 sermonum
431 1507 567 1591 cogitari
588 1530 686 1593 quam
705 1508 790 1593 quod
808 1508 847 1571 fit
869 1507 1085 1572 mutatione
1108 1524 1375 1590 personarum:

228 1614 261 1675 et
284 1614 392 1676 tamen
416 1613 497 1678 haee
520 1613 592 1697 ipsa
615 1617 745 1679 tantum
769 1614 863 1678 abest
886 1617 1006 1678 utnon
1025 1612 1178 1676 admittat
1197 1610 1374 1692 elisionem,

228 1720 265 1782 ut
286 1739 360 1782 raro
383 1719 619 1803 neglectiouem
649 1720 795 1785 elisionis
821 1719 996 1784 admiserit.
1041 1718 1113 1784 Duo
1137 1718 1240 1782 triave
1264 1739 1281 1780 e
1305 1715 1374 1780 Tri·

228 1840 360 1888 nummo
385 1827 530 1910 exempla
554 1827 782 1910 supraposui:
805 1827 838 1890 in
863 1826 1058 1891 contrariam
1081 1828 1208 1908 partem
1231 1821 1374 1888 eiusdem

229 1929 359 1994 fabulae
383 1932 510 1996 circiter
533 1933 769 2017 quinquaginta
792 1933 904 1998 valent
925 1931 1126 1997 huiusmodi:

321 2072 404 2149 Quid
429 2073 553 2138 odimus
576 2080 704 2139 nosmet
721 2075 851 2156 posteo?
875 2071 940 2140 LE.
963 2075 1055 2138 etium
1079 2077 1114 2136 tri
1138 2072 1250 2136 taces?

319 2177 353 2242 Si
381 2179 457 2263 quiid
484 2180 534 2244 uis
563 2179 703 2245 Stasime.
737 2179 797 2246 ST.
819 2181 877 2246 beo
900 2180 1038 2245 obnoede
1063 2179 1273 2262 aliquantum.
1306 2175 1374 2240 PH.

316 2391 357 2456 Eli
381 2393 427 2455 rei
451 2393 642 2476 argumenta
665 2395 775 2459 dicam.
798 2287 999 2458 iiiiitbadire
1021 2393 1133 2477 edepol
1157 2392 1257 2456 lubet.
1346 2461 1352 2468 ,

221 2549 224 2554 .
316 2496 400 2573 Qusd
424 2499 474 2562 is‘?
497 2500 621 2582 epotas?
645 2499 711 2564 LY.
734 2503 816 2584 eget
840 2499 908 2564 ΡΗ.
930 2500 1088 2566 habuitne
1110 2499 1198 2562 reru?
1226 2497 1292 2562 LY.
1316 2496 1371 2560 ht·

814 2607 895 2671 buit.
920 2605 988 2670 PH.
1008 2607 1063 2690 qui
1082 2627 1153 2670 eam
1172 2603 1335 2688 perdidit?

231 2746 339 2831 Atque
368 2747 481 2812 talium
510 2747 689 2833 frequentia
716 2769 754 2812 eo
782 2749 937 2814 maiorem
961 2748 1001 2813 ad
1024 2747 1108 2811 hanc
1131 2768 1280 2813 caussam
1304 2745 1373 2809 uni·

228 2874 355 2918 versam
382 2859 469 2919 recte
492 2854 697 2920 iudicandam
720 2857 785 2920 vim
808 2855 921 2940 habet,
948 2878 1011 2942 quo
1041 2855 1170 2941 aegrius
1193 2874 1254 2918 nos
1277 2851 1373 2916 hodie

228 2961 452 3045 perspicimus,
481 2962 535 3046 qui
564 2962 695 3027 tandem
722 2966 867 3028 vetemm
895 2985 946 3028 ars
976 2962 1056 3026 illud
1079 2959 1282 3045 praestiterit
1305 2979 1372 3024 om-

227 3065 313 3146 nino,
336 3072 458 3132 utnon
482 3068 576 3132 unius
600 3068 740 3134 hominis
765 3091 820 3135 ore
839 3071 988 3154 prolatae
1006 3069 1135 3133 vocales
1155 3067 1278 3131 coirent
1300 3087 1372 3149 pro-

227 3172 421 3238 nuntiando:
444 3174 530 3256 quod
553 3174 684 3258 quidem
706 3198 792 3240 nunc
815 3199 880 3241 non
903 3197 1088 3260 persequar.

316 3278 439 3344 Similis
468 3283 590 3364 eutem,
624 3304 818 3366 quamquam
851 3305 917 3348 non
948 3286 1017 3346 tam
1044 3281 1173 3346 evidens
1203 3301 1372 3364 argumen-

228 3385 310 3450 tatio
341 3385 414 3450 duci
445 3407 483 3451 ex
512 3386 867 3453 exclamationibus
898 3389 1029 3472 poterit.
1074 3385 1158 3451 Nam
1190 3385 1250 3450 etsi
1281 3407 1371 3450 num·

228 3513 325 3574 quam
353 3513 431 3556 saue
459 3494 508 3557 vel
537 3494 762 3578 monosyllaba
789 3517 806 3560 o
834 3495 872 3558 oh
899 3494 940 3559 ub
967 3495 1009 3558 lta
1035 3493 1098 3558 raab
1120 3493 1178 3558 beu
1199 3491 1249 3556 bei
1270 3513 1313 3557 oo
1336 3513 1372 3556 eu

228 3596 279 3662 vel
306 3577 475 3662 ulco¹oobo
504 3599 577 3664 eheu
601 3599 703 3687 (Trio.
727 3601 807 3688 503)
836 3601 916 3666 elisa
944 3607 1034 3666 sunt:
1062 3605 1172 3666 tamen
1199 3621 1264 3666 nou
1292 3600 1373 3664 talia

227 3706 365 3787 tantum,
388 3705 482 3789 quale
506 3707 683 3791 esttenete,
705 3709 761 3773 sed
786 3709 882 3774 etiam
907 3709 960 3773 eho
984 3713 1016 3774 et
1038 3711 1086 3773 eiu
1109 3709 1161 3773 vel
1184 3707 1267 3791 teia,
1291 3727 1372 3790 quae
1388 3733 1445 3772 cxc

228 3814 341 3895 suapte
370 3815 486 3877 natura
515 3814 628 3879 iubent
653 3815 794 3880 inhiberi
822 3838 946 3899 vocem,
973 3815 1059 3880 baud
1087 3837 1160 3879 raro
1189 3837 1262 3880 eum
1290 3813 1373 3878 inse·

227 3919 338 4001 quenti
362 3919 465 3984 vocali
489 3922 686 3986 coaluerunt.
725 3921 825 3986 Velut
847 3923 900 3986 ebo
923 3945 994 3988 cum
1015 3923 1093 3987 alibi
1113 3926 1182 3986 tum
1203 3919 1296 4004 Epiri.
1315 3919 1372 4000 IV,

229 4026 262 4106 1,
285 4026 329 4089 40
356 4025 409 4091 ebo
437 4028 542 4110 istinc,
570 4028 666 4093 Poen.
689 4025 719 4109 Ι,
742 4029 776 4108 2,
800 4029 841 4092 51
871 4029 924 4092 eleo
947 4030 1069 4111 accubo,
1098 4028 1140 4092 ib.
1168 4028 1227 4091 121
1253 4025 1306 4090 ebo
1329 4047 1372 4088 aa

227 4129 346 4214 iroto's‚
368 4131 471 4216 1v‚3‚
488 4135 529 4202 14
546 4133 600 4196 elce
618 4153 661 4198 oa
678 4135 753 4212 eam,
776 4133 856 4198 itud.
871 4133 912 4212 ΙΙ,
933 4135 962 4216 7,
981 4135 1024 4199 20
1042 4133 1095 4198 eto
1113 4153 1156 4196 oa
1175 4137 1202 4195 te
1218 4133 1371 4213 paenitet:

228 4258 305 4300 nam
332 4237 418 4303 Tn'a
448 4239 513 4303 943
540 4239 685 4304 insiticia
712 4243 762 4304 est
791 4261 828 4304 ea
857 4239 1019 4324 particule
1043 4237 1097 4320 [cf.
1116 4261 1214 4322 supra
1237 4261 1266 4321 p.
1290 4238 1369 4318 416]

227 4346 265 4408 ut
288 4343 368 4408 alibi
391 4343 597 4430 aliquotiens,
619 4343 755 4410 Poenuli
779 4349 887 4411 autem
910 4345 950 4429 V,
974 4345 1004 4430 3,
1029 4346 1085 4409 17:

316 4486 403 4570 Eho,
432 4508 473 4552 an
500 4480 595 4550 luiius
625 4491 701 4552 sunt
728 4487 803 4552 illae
830 4485 948 4551 filiae?
979 4485 1034 4552 Gl.
1057 4487 1103 4550 ita
1130 4486 1179 4550 uti
1201 4475 1369 4570 prae'dicas
