3318 5072
289 384 355 448 494
577 399 837 448 anonscousns
861 399 908 447 un
932 399 1140 449 unrronrssvs

290 545 447 610 sermonis
479 544 574 608 inire:
612 545 697 628 quod
735 545 841 629 ipsum
873 544 943 609 fieri
974 568 1040 610 non
1072 551 1225 630 potuerat
1257 546 1336 632 quin
1368 567 1434 612 non

293 651 414 734 eadem,
436 651 493 716 sed
517 652 624 736 aliqua
649 674 687 716 ex
710 655 802 735 parte
826 651 954 716 diversa
977 653 1140 718 sententia
1158 652 1311 736 prodiret.
1343 653 1437 719 Vnde

290 759 390 823 etiam
405 759 641 844 neglectionem
658 759 740 844 legis
755 759 824 843 regi
843 761 969 824 ratione
984 759 1193 844 intellegitur.
1217 760 1310 837 Quod
1325 765 1438 826 contra

292 865 436 930 vindicat
469 865 532 929 sibi
565 865 679 930 critica
712 866 761 928 ius
794 866 975 950 corrigendi
1004 865 1035 930 b.
1059 889 1085 930 e.
1109 867 1297 951 plerumque
1320 868 1438 932 leniter

293 973 542 1058 transponendi,
575 973 768 1057 ubicumque
801 994 860 1037 nec
889 973 1051 1037 sententia
1082 995 1140 1037 nec
1168 976 1277 1039 verbis
1300 975 1436 1038 mutatis

289 1087 403 1166 poetae
428 1103 508 1165 opus
537 1083 608 1144 erat
630 1080 669 1144 ad
693 1080 871 1164 perfectam
895 1080 1146 1146 concinnitatem
1169 1082 1435 1167 consequendam.

288 1188 403 1272 Itaque
426 1211 498 1254 cum
523 1187 618 1272 idem,
642 1189 727 1271 qnod
752 1189 786 1253 in
809 1187 993 1253 Trinummi
1017 1210 1156 1273 versum,
1179 1189 1320 1254 inbono
1343 1190 1438 1253 cadat

289 1295 406 1360 Bacch.
435 1297 496 1360 104
521 1296 628 1378 [135]:
659 1297 728 1360 Tua
750 1297 915 1378 disceptioa
937 1297 991 1360 trefe
1018 1295 1111 1360 mitt
1133 1298 1259 1378 prodest
1280 1297 1333 1360 nc'c
1356 1298 1437 1380 tibi,

290 1403 457 1467 tumendo
478 1403 622 1467 eiusdem
647 1404 777 1467 fabulae
796 1425 824 1468 v.
844 1403 886 1466 53
911 1403 982 1485 [84]
1007 1423 1126 1487 magna
1144 1403 1305 1468 dubitatio
1324 1404 1437 1487 oritur,

288 1530 366 1572 num
386 1513 522 1594 utraque
541 1533 628 1589 voce,
653 1511 687 1575 in
707 1533 771 1593 qua
789 1515 955 1595 tamquam
975 1510 1072 1575 cardo
1091 1511 1270 1574 sententiae
1290 1512 1437 1596 vertitur,

289 1615 322 1678 in
350 1615 434 1679 thesi
463 1615 616 1701 depressa
639 1617 685 1681 sic
707 1617 806 1681 verba
828 1621 926 1700 poeta
949 1617 1131 1682 collocarit:
1159 1615 1245 1679 Dcite
1272 1620 1335 1699 qai
1364 1619 1436 1682 teuc

289 1724 345 1816 sp't:
369 1723 430 1806 epo,
452 1725 514 1788 abt
537 1725 608 1788 betae
630 1726 679 1802 sit,
703 1725 760 1788 tibi
783 1725 882 1788 locum
905 1726 1040 1807 tepidum
1063 1726 1149 1808 dabo,
1178 1724 1272 1788 simul
1296 1726 1328 1790 vi
1354 1727 1434 1790 arsis

291 1829 339 1892 bis
370 1829 498 1894 intensa
528 1831 599 1896 berte
627 1831 774 1914 notione,
804 1831 838 1896 in
869 1854 932 1917 qua
959 1837 1035 1916 post
1062 1854 1100 1896 ea
1128 1854 1209 1915 quae
1237 1832 1436 1918 praecedunt

289 1936 442 2019 exiguum
472 1937 600 2020 pondus
630 1943 687 2003 est
735 1938 878 2015 Quorum
909 1961 1006 2022 quam
1037 1939 1154 2022 facilis,
1187 1943 1254 2003 tam
1287 1939 1433 2022 profecto

289 2043 555 2109 commendabilis
579 2044 793 2127 transpositio
818 2048 880 2127 est,
910 2067 976 2109 non
999 2046 1079 2109 haec
1102 2047 1128 2110 si
1152 2045 1231 2129 quid
1253 2046 1346 2111 video
1370 2046 1436 2110 vio-

289 2151 420 2215 lentior:
446 2150 508 2230 Qui
525 2153 566 2214 sit
583 2151 662 2234 baec,
681 2152 770 2214 (tator
792 2151 853 2234 c'po,
876 2152 947 2216 barte
964 2153 1017 2216 ribi
1034 2154 1084 2236 sit,
1108 2153 1164 2216 tr'bi
1184 2153 1283 2216 locum
1302 2153 1435 2234 tepalrr'm

288 2258 375 2340 dabo,
394 2259 449 2321 sed
464 2279 538 2322 oum
552 2258 718 2322 lenissima
734 2259 913 2323 mutatione
928 2259 1099 2325 coniuncta
1113 2260 1205 2324 haec:
1229 2259 1284 2324 Dri
1303 2265 1349 2345 ta,
1372 2263 1437 2342 qut

289 2365 359 2428 bene
376 2367 433 2428 sit:
456 2385 517 2448 epo,
539 2365 601 2428 abt
623 2365 673 2446 su,
695 2365 752 2428 tibi
771 2365 790 2428 t.
810 2366 828 2428 t.
848 2363 926 2451 d.*):
950 2389 1026 2430 nam
1046 2367 1186 2449 correpti
1205 2367 1275 2430 ddtd
1294 2367 1355 2430 etsi
1379 2366 1435 2429 ali·

290 2493 387 2554 quam
406 2470 567 2534 rationem
590 2493 620 2554 p.
644 2488 776 2535 caxvlll
801 2471 895 2554 [411]
920 2473 1112 2557 aperuimus,
1136 2479 1245 2537 tumen
1269 2472 1435 2536 fatendum

289 2581 339 2641 est
361 2577 498 2640 alterum
523 2577 703 2660 exemplum
726 2577 917 2643 desiderari:
947 2575 1137 2663 productam
1156 2584 1274 2676 ,autem
1302 2581 1344 2642 stt
1370 2578 1435 2642 for-

289 2705 375 2748 mam
390 2684 470 2748 satis
489 2687 525 2748 ut
543 2689 621 2767 puto
641 2686 939 2768 p.cnxxx11[423]
956 2687 1163 2770 munivimus,
1182 2709 1246 2771 quo
1266 2687 1337 2750 loco
1357 2686 1434 2750 alla-

289 2792 332 2855 tis
357 2791 436 2856 adde
460 2789 528 2854 Mil.
552 2789 592 2874 V,
615 2792 649 2854 4:
682 2793 754 2856 Vide
775 2797 811 2855 ut
832 2794 901 2856 istic
924 2794 980 2857 tibi
1002 2798 1052 2857 sit
1074 2800 1191 2877 acutus,
1214 2793 1317 2877 (tirio,
1340 2793 1435 2856 ariter

138 2913 276 2969 cotxvrn
285 2899 386 2980 praba
420 2895 483 2960 Sed
502 2919 585 2980 quae
603 2903 753 2962 recusent
771 2895 1064 2982 comestionem*)‚
1087 2903 1216 2984 praeter
1235 2901 1337 2964 allata
1355 2899 1434 2964 haec

288 3005 389 3069 habes
418 3004 577 3088 exempla:
611 3004 679 3067 Vott
703 3005 777 3084 ficri
803 3005 888 3088 tiber,
919 3007 1028 3069 aarum
1054 3009 1136 3087 quod
1159 3008 1229 3090 det,
1257 3008 1321 3070 urin
1347 3007 1435 3071 babet

288 3111 377 3175 Trin.
401 3111 479 3194 5643
512 3110 600 3188 Quod
620 3111 718 3194 anuo,
743 3117 935 3195 paratumst,
964 3091 1045 3193 quod
1072 3115 1146 3194 des,
1176 3115 1330 3178 irrueuto'st
1358 3133 1435 3194 opus

289 3217 345 3281 Ba.
363 3219 423 3282 187
441 3218 548 3300 [219];
567 3239 630 3282 aaa
647 3218 744 3282 lu‘rrle
760 3218 824 3281 boc
843 3220 928 3300 &iope
941 3219 994 3284 Tr.
1008 3219 1087 3301 4833
1112 3223 1320 3301 potissumum
1342 3221 1434 3284 mibi

288 3325 323 3388 id
339 3326 418 3389 obsit
435 3325 513 3408 5883
538 3325 591 3387 Nc‘
607 3326 711 3407 pipant
730 3327 844 3408 (eraso,
867 3331 902 3388 ut
919 3328 1024 3406 potius
1041 3327 1159 3406 pudeat
1180 3329 1208 3390 st
1230 3348 1305 3392 uon
1325 3327 1434 3408 [deeras

289 3431 367 3513 3483
391 3429 475 3509 Quid
493 3431 587 3510 fetu?
612 3431 695 3511 Quid
711 3453 782 3495 aaa
798 3432 892 3513 sebit?
915 3435 991 3514 qaia
1010 3437 1042 3496 ta
1057 3434 1091 3497 id
1103 3435 1154 3496 mc
1163 3434 1275 3514 ropac?
1295 3433 1352 3498 Ba.
1368 3435 1433 3499 226

290 3537 393 3619 [258],
411 3537 499 3600 utin
518 3537 569 3600 his
587 3559 673 3601 nnnc
692 3538 878 3603 subsistam.
912 3539 1057 3614 Quorum
1077 3541 1297 3623 exemplorum
1316 3541 1432 3606 ultimo

290 3643 376 3727 quod
403 3647 533 3726 praeter
555 3646 830 3728 exspectationem
853 3667 916 3708 stoa
939 3647 1098 3729 particula
1122 3647 1283 3711 delitescit
1306 3645 1434 3734 (contra

291 3805 438 3812 ---.-

378 3891 407 3958 *l
426 3891 513 3958 [Du'to
532 3893 580 3959 qut
599 3893 662 3946 base
680 3893 732 3946 sit:
751 3895 806 3962 e'po,
826 3893 890 3946 bene
908 3893 957 3946 ubi
974 3893 1011 3946 sit
1030 3937 1035 3948 .
1053 3937 1058 3949 .
1079 3893 1178 3964 Opnsc.
1194 3893 1263 3964 phil.
1282 3893 1342 3962 le.
1358 3893 1432 3964 305]

361 3979 400 4049 **)
421 3979 483 4034 Non
502 3998 614 4050 prorsus
632 3986 743 4037 recusat
761 3983 836 4037 Trin.
857 3989 921 4037 471:
946 3983 980 4037 St
997 3984 1042 4036 tur
1066 3989 1204 4052 coopertae
1222 3985 1279 4038 sint
1301 3985 1397 4052 epulae
1415 4001 1434 4037 a

289 4071 462 4150 datntibuag
479 4070 584 4126 licebat
602 4071 676 4126 enim
695 4073 728 4127 δι’
746 4073 792 4126 uu
808 4074 865 4126 siat
883 4073 978 4140 e'putae
997 4074 1135 4141 adapertae
1153 4091 1172 4128 a
1190 4073 1352 4128 clatntitus.
1389 4071 1433 4126 Id·

289 4177 342 4228 que
360 4177 474 4229 prorsus
493 4161 680 4216 necessarium
699 4158 830 4228 dicerem,
849 4161 872 4216 si
891 4178 964 4216 nunc
982 4163 1103 4232 primum
1121 4161 1270 4216 inferretur
1283 4161 1433 4230 epularum

288 4247 374 4304 notio.
403 4249 584 4303 Verunrcnm
599 4252 669 4304 haec
683 4251 864 4320 praecedant:
884 4251 1021 4322 Adpasr'ta
1040 4267 1106 4305 cena
1123 4252 1160 4306 sit
1174 4251 1336 4319 popularem
1349 4268 1433 4318 qaam

288 4344 403 4404 uocant,
426 4342 544 4407 apparet
561 4338 613 4392 illa
630 4357 686 4393 non
706 4338 768 4408 plus
787 4340 881 4394 valere
900 4357 984 4408 quam
1002 4341 1028 4394 si
1045 4341 1089 4394 uu
1107 4345 1259 4410 conpactum
1276 4341 1320 4395 sit.
1359 4339 1434 4410 [Cle-

289 4425 409 4479 mentius
435 4427 489 4480 hoc
510 4427 545 4482 dc
568 4427 690 4481 numeris
709 4445 734 4481 v.
755 4433 804 4481 471
825 4427 961 4481 iudicium
979 4427 1150 4482 Ritscbelins
1173 4427 1245 4482 dixit
1261 4428 1291 4482 in
1311 4427 1352 4484 ed.
1373 4429 1432 4498 alt,

288 4513 338 4566 ubi
356 4529 411 4566 una
429 4529 492 4568 cum
511 4516 689 4571 antecedenti
704 4533 784 4570 versu
802 4515 949 4586 interpreti
968 4516 1087 4586 tribuit]
