3338 5072
586 401 850 452 annunsrrours
874 402 1080 452 curvamen.
1334 387 1400 452 293

256 547 344 613 Nam
367 568 440 613 cum
463 545 550 612 haud
574 568 657 632 raro,
680 545 771 612 nulla
793 548 906 612 tamur
928 546 963 610 in
986 545 1049 612 boo
1072 568 1190 632 genere
1209 547 1403 634 constantia,

256 654 410 720 bifariam
433 653 553 720 divisas
576 655 714 742 paginas
737 653 866 738 babeat,
889 674 1019 720 rursum
1044 657 1152 720 autem
1177 655 1211 720 in
1230 655 1282 720 his
1301 655 1402 721 incre·

242 751 350 827 'dibili
380 761 600 828 inconstantia
629 761 791 845 duplicem
823 759 1116 826 continuandorum
1147 783 1298 828 ramnum
1322 749 1404 828 ordi·

255 891 343 936 nem:
376 870 462 956 quod
493 869 589 955 quale
623 869 667 934 sit
698 869 895 953 explicatum
927 870 978 934 est
1010 867 1177 956 Parergon
1205 893 1237 954 p.
1260 869 1326 936 488
1342 891 1403 955 sq.:

256 979 327 1041 tum
358 976 438 1041 alias
469 976 503 1042 in
534 977 607 1042 aliis
638 977 786 1062 partibus
817 997 932 1040 manus
961 979 1098 1060 apparet
1121 975 1233 1042 eodem
1256 979 1402 1061 tempore

256 1083 305 1148 ita
329 1087 501 1168 occupatas
525 1083 635 1166 fuisse,
658 1086 696 1149 ut
719 1105 738 1147 a
762 1081 900 1167 singulis
924 1081 1077 1167 librariis,
1101 1081 1269 1148 monachis
1288 1083 1403 1170 opinor

257 1191 404 1256 coenobii
436 1191 573 1256 alicuius
603 1189 785 1256 Germanici
820 1191 931 1275 eisque
962 1189 1056 1254 valde
1088 1189 1241 1276 indoctis,
1274 1191 1403 1278 singula

256 1318 357 1382 pensa
380 1298 624 1364 conficerentur.
671 1295 742 1372 Quo
770 1295 893 1362 lactum
922 1299 1036 1363 estut
1064 1302 1099 1363 et
1121 1295 1325 1383 quarundam
1348 1320 1402 1382 pa·

256 1403 406 1489 ginarum
429 1407 538 1490 partes
570 1407 666 1489 atque
695 1403 775 1469 adeo
799 1402 958 1489 quaedam
980 1403 1119 1490 paginae
1142 1403 1288 1490 integrae
1311 1427 1403 1490 pror·

256 1532 311 1576 sus
334 1533 455 1578 raetiae
479 1510 611 1576 relictae
636 1511 719 1595 sint,
747 1513 779 1574 et
802 1509 997 1595 quibusdam
1021 1509 1057 1574 in
1079 1509 1160 1576 locis
1184 1510 1290 1578 iustae
1314 1535 1402 1578 men·

257 1639 352 1684 surae
375 1619 651 1705 quaternionibus,
674 1621 712 1683 nt
735 1615 789 1703 qui
810 1638 891 1703 quas
910 1617 1064 1684 deberent
1081 1615 1191 1684 Plauti
1210 1623 1317 1704 partes
1334 1643 1402 1686 non

255 1729 421 1810 caperent,
454 1747 558 1792 norae
586 1726 795 1791 membranae
823 1724 1032 1809 postmodum
1056 1724 1246 1792 inserendae
1268 1726 1402 1792 locunt:

255 1854 391 1918 quarum
414 1854 522 1899 rerum
546 1834 693 1918 exempla
707 1831 872 1898 Poenulus
895 1831 1103 1916 potissimum
1126 1835 1159 1898 et
1172 1831 1272 1899 Persa
1296 1837 1401 1900 osten·

254 1938 343 2006 dunt
388 1939 534 2005 Indidem
563 1940 643 2006 illud
672 1938 896 2026 explicandum
924 1939 1024 2025 quod,
1056 1961 1130 2005 eum
1152 1941 1325 2025 pleraeque
1347 1964 1401 2026 pa

254 2048 349 2133 ginae
381 2047 531 2112 binorum
560 2052 592 2112 ct
621 2047 920 2134 quinquagenorum
950 2067 1099 2112 versuum
1123 2048 1204 2134 sint,
1235 2051 1344 2112 tumen
1367 2049 1402 2114 in

258 2155 330 2220 aliis
353 2155 382 2220 is
405 2176 557 2221 numerus
580 2153 622 2220 ad
646 2171 708 2219 mv
732 2155 845 2218 auctus
869 2156 935 2236 est,
963 2152 997 2216 in
1020 2152 1094 2218 aliis
1118 2175 1176 2238 per
1197 2153 1316 2220 varica
1329 2175 1402 2240 gra·

258 2263 317 2328 dus
345 2262 392 2328 ita
419 2261 626 2344 imminutus,
657 2263 695 2324 ut
721 2261 849 2325 exstent
875 2257 910 2323 in
937 2258 1054 2345 quibus
1077 2264 1212 2346 propter
1233 2261 1401 2328 insolitam

254 2369 436 2434 litterarum
465 2365 685 2452 granditatem
708 2384 821 2432 xxxrv
843 2368 971 2431 tantum
994 2365 1109 2452 scripti
1132 2368 1205 2434 sint
1249 2365 1400 2434 (laterum

257 2473 344 2540 hunc
370 2473 512 2540 codicem
536 2473 701 2540 sciendum
726 2477 776 2538 est
797 2472 967 2539 Plautinas
990 2473 1119 2541 fabulas
1142 2473 1203 2540 XX
1225 2497 1338 2542 omnes
1360 2497 1399 2542 eo

254 2582 311 2666 qui
339 2579 492 2668 vulgatur
518 2581 632 2647 ordine
660 2580 833 2666 complecti
860 2603 925 2646 una
952 2601 1025 2646 cum
1047 2581 1324 2648 VIDVLARIAE
1353 2583 1400 2648 in-

256 2689 430 2775 scriptione
458 2687 655 2755 Truculento
690 2688 849 2773 subiecta,
881 2687 1094 2772 praemissam
1126 2693 1234 2755 antem
1265 2687 1398 2774 Amphi·
1413 2709 1493 2752 xxrx

258 2797 368 2862 truoui
401 2818 421 2861 a
452 2795 508 2862 fol.
535 2795 580 2861 lb
612 2793 652 2860 ad
686 2795 738 2860 9a
769 2792 1021 2871 QVEROLVM.
1066 2791 1193 2861 Harum
1215 2795 1401 2863 fabularum

256 2903 335 2970 XXI
357 2902 498 2969 indicem
521 2902 627 2988 prima
649 2901 771 2988 pagina
794 2903 883 2966 tenet
906 2900 957 2966 his
980 2901 1087 2967 verbis
1111 2903 1312 2986 praemissis:
1345 2903 1400 2970 ‘In

253 3010 316 3076 hoc
347 3009 512 3076 uolumine
545 3009 752 3075 continentur
784 3007 947 3075 comediae
979 3009 1083 3093 plauti
1114 3029 1248 3074 numero
1280 3009 1401 3096 XXII’,

256 3103 351 3184 unius
375 3121 484 3183 autem
507 3139 619 3182 versus
643 3117 749 3201 spatio
773 3115 887 3182 relicto
911 3117 997 3181 inter
1018 3115 1179 3200 Epidicus
1193 3119 1226 3181 et
1247 3115 1410 3200 Budrides

254 3224 396 3290 nomina.
425 3222 518 3301 Quod
541 3245 605 3308 quo
630 3225 754 3307 spectet
776 3221 851 3288 inde
874 3221 1084 3308 intellegitur,
1106 3224 1193 3309 quod
1214 3245 1343 3290 rursum
1365 3225 1399 3290 in

258 3354 296 3398 ea
317 3331 449 3417 pagiua,
471 3331 507 3394 in
531 3351 594 3415 que
616 3329 730 3413 incipit
753 3328 959 3414 Amphitruo,
983 3350 1066 3414 quae
1089 3332 1140 3394 est
1161 3329 1218 3396 fol.
1240 3329 1299 3416 ab,
1319 3331 1401 3397 baec

255 3439 422 3524 leguntur:
445 3435 502 3502 ‘In
524 3437 586 3502 hoc
609 3435 777 3504 uolumine
800 3436 1008 3502 continentur
1030 3437 1192 3503 comediae
1215 3438 1320 3523 plauti
1342 3461 1400 3504 nu·

255 3567 360 3612 mero.
375 3595 382 3611 .
397 3595 405 3610 .
420 3543 446 3610 .'
478 3543 621 3629 (erasum
654 3549 706 3610 est
733 3543 840 3629 VIII)
873 3565 946 3610 cum
979 3543 1083 3610 indice
1116 3547 1190 3611 octo
1217 3545 1400 3611 fabularum

255 3653 400 3739 priorum
423 3673 508 3717 nunc
531 3672 663 3737 prorsus
687 3673 789 3716 eraso.
835 3650 984 3735 Apparet
1007 3651 1108 3736 igitur
1131 3651 1171 3717 ab
1195 3651 1290 3718 initio
1314 3675 1400 3718 seor-

256 3782 329 3825 sum
352 3759 483 3843 scriptis
508 3762 581 3824 octo
604 3757 769 3843 prioribus
792 3761 907 3843 postea
930 3757 1059 3824 demum
1084 3759 1257 3825 accessisse
1281 3760 1315 3824 in
1337 3759 1400 3825 fine

255 3867 398 3934 adiectas
422 3865 620 3952 posteriores
644 3865 822 3950 duodecim,
845 3865 880 3929 in
903 3865 1061 3951 principio
1085 3865 1268 3941 Querolunu
1288 3866 1400 3932 -De

255 3973 447 4041 correcturis
472 3973 612 4039 secunda
635 3995 734 4038 manu
757 3971 863 4058 factis,
887 3995 1023 4058 quarum
1046 3973 1081 4037 in
1104 3973 1201 4039 certis
1224 3971 1344 4040 fabulis
1368 3977 1401 4038 et

256 4079 431 4146 multitudo
455 4099 577 4166 magna
599 4083 633 4144 et
655 4079 875 4145 memorabilis
894 4080 979 4144 ratio
998 4081 1057 4164 est,
1080 4079 1186 4144 dicam
1205 4077 1246 4144 ad
1260 4077 1399 4144 Militem

255 4187 433 4272 gloriosum
449 4189 493 4272 [p.
508 4184 622 4251 XVIII
632 4187 728 4272 sqq.]:
748 4186 789 4250 ad
804 4185 1027 4251 Trinummum
1048 4186 1134 4251 enim
1151 4186 1215 4251 hoc
1232 4185 1300 4250 fere
1318 4184 1400 4251 nihil

255 4293 406 4379 pertinet.
429 4331 473 4340 —
496 4292 678 4359 Verborum
706 4292 871 4359 distinctio
901 4313 1053 4377 persaepe
1081 4297 1138 4358 aut
1160 4292 1250 4358 nulla
1272 4295 1322 4358 est
1344 4297 1402 4358 aut

255 4422 370 4484 prava:
390 4401 476 4486 quod
490 4399 620 4484 quidem
635 4421 743 4486 genua
751 4399 991 4483 discrepantiae
1005 4397 1102 4463 facile
1114 4398 1309 4484 intelligitur
1321 4423 1398 4486 pau·

256 4507 395 4574 cissimis
419 4507 574 4593 exemplis
597 4510 630 4572 et
657 4509 784 4572 tantum
807 4503 993 4590 speciminis
1017 4527 1131 4572 caussa
1154 4507 1399 4574 commemorari
