3332 5074
297 384 362 450 398
587 398 851 448 naonneonsua
874 399 922 445 na
946 397 1156 446 narremnve

295 541 379 629 (Mil.
411 542 466 625 IV,
494 542 529 626 2,
558 539 630 629 29),
661 538 924 628 auonculus*),
954 545 1093 626 caueto,
1134 539 1333 605 cauillelio
1366 536 1446 626 (non

295 649 484 735 cauillatio),
512 651 545 713 in
575 649 693 734 quibus
720 651 830 714 vivum
859 671 973 716 sonum
996 646 1276 734 pronuntiantium
1304 669 1370 713 non
1397 651 1448 711 est

296 759 408 822 secuta
446 757 579 840 scriptio
611 759 649 822 ut
685 757 719 821 in
755 757 845 840 dites,
878 761 990 834 uuum,
1026 761 1125 839 uetes,
1161 759 1315 838 menae,
1351 756 1445 838 aeris,

294 885 391 931 cesse.
429 863 633 948 Quamquam
652 864 683 929 id
707 885 767 928 nee
790 864 830 929 ad
852 864 937 928 uiuit
959 866 992 927 et
1015 862 1134 927 similia
1156 883 1311 948 umquam
1334 861 1446 944 veluit,

295 971 329 1035 in
353 972 468 1056 quibus
492 994 558 1037 non
580 971 704 1056 brevis,
728 971 785 1036 sed
808 972 908 1057 longa
930 970 1053 1036 vocalis
1075 991 1094 1034 e
1116 969 1259 1034 litteram
1282 967 1447 1054 praeeedit

297 1076 387 1164 (nam
419 1079 504 1162 quod
536 1101 635 1144 unum
664 1079 758 1144 anuis
790 1083 958 1164 exceptum
987 1082 1050 1160 est,
1081 1097 1233 1163 graecum
1264 1077 1445 1161 exemplum

297 1181 432 1271 effecit),
458 1207 518 1250 nee
542 1207 624 1270 quae
648 1186 824 1250 multorum
853 1207 955 1271 prava
977 1185 1088 1268 opinio
1111 1183 1187 1264 fuit,
1215 1183 1372 1248 tralatum
1396 1186 1445 1248 eet

295 1292 336 1358 ad
364 1291 582 1375 perfectorum
611 1293 751 1376 primam
782 1295 815 1356 et
841 1292 972 1356 tertiam
986 1312 1172 1376 -personam
1203 1291 1378 1376 singularis
1408 1294 1445 1354 ut

294 1397 433 1462 inbiauit
445 1397 533 1462 Trin.
550 1399 612 1464 169
618 1398 680 1484 **),
697 1400 874 1482 pereelreeit
888 1395 1018 1484 276⁸),
1032 1398 1207 1463 ectecrbeuit
1219 1394 1349 1482 601**),
1364 1419 1444 1482 quae

296 1505 474 1570 certissime
503 1505 686 1591 negandum
715 1508 765 1570 est
795 1527 948 1590 umquam
979 1506 1014 1569 in
1045 1508 1155 1572 ternae
1189 1504 1335 1588 syllabas
1368 1525 1444 1570 con·

295 1615 401 1676 tracta
421 1631 500 1676 esse.
523 1648 559 1657 —
582 1609 628 1675 Ac
646 1633 722 1677 vero
745 1613 964 1696 ministremus,
988 1615 1022 1676 at
1045 1613 1245 1695 moysicolas
1268 1617 1442 1696 opponent.

294 1717 416 1783 Verum
446 1719 620 1784 minister
649 1717 732 1783 unde
762 1719 825 1784 nisi
856 1742 876 1784 a
906 1739 1019 1784 caereus
1048 1717 1158 1784 venit?
1189 1741 1206 1782 e
1237 1741 1300 1804 quo
1333 1741 1442 1784 conse-

294 1847 395 1910 quens
425 1829 476 1892 est
506 1828 555 1908 ut,
585 1825 854 1910 quemadmodum
882 1848 948 1892 una
975 1825 1103 1910 syllaba
1130 1845 1257 1907 armeus,
1285 1825 1332 1889 ita
1361 1828 1442 1890 tem-

295 1955 392 2018 quam
421 1932 631 1998 m'aistremus
659 1933 905 2016 pronuntiatum
935 1932 990 2016 sit,
1018 1953 1083 1998 non
1110 1933 1329 1996 ministremus.
1375 1930 1443 1997 Nec

296 2039 402 2124 magia
426 2039 580 2104 credibile
603 2043 669 2104 tres
694 2042 909 2105 consonantes
938 2040 1069 2125 longam
1097 2040 1257 2125 syllabam
1281 2062 1346 2104 non
1370 2041 1441 2105 effe·

294 2146 376 2210 cisse
408 2147 441 2211 in
480 2149 738 2231 rnayistretus:
776 2147 867 2213 cuius
904 2146 1203 2233 pronuntiationem
1235 2145 1441 2231 trisyllabam

201 2285 278 2327 erm
294 2253 357 2319 iam
388 2253 445 2318 alii
476 2254 631 2338 suspicati
660 2257 737 2319 sunt
765 2277 782 2319 e
809 2255 944 2340 propria
972 2254 1110 2338 quadam
1138 2253 1173 2317 in
1201 2256 1301 2337 empse
1324 2275 1442 2338 vocey

293 2360 422 2425 litterae
450 2364 569 2426 natura
597 2360 804 2444 repetendam
837 2382 916 2426 esse.
961 2359 1070 2446 Atque
1101 2359 1258 2425 eiusmodi
1289 2361 1440 2445 quiddam

294 2465 450 2530 babuisse
472 2467 565 2531 illam
593 2466 669 2531 hino
696 2467 911 2553 intellegitur,
938 2466 1024 2552 quod
1051 2489 1069 2531 e
1096 2468 1219 2550 asapius
1245 2468 1316 2532 lieri
1339 2469 1442 2534 creatus

292 2574 408 2658 potuit.
456 2573 577 2650 Quodsi
611 2573 651 2638 ad
682 2575 696 2637 i
725 2575 932 2639 consonantis
967 2573 1214 2639 similitudinem
1247 2573 1390 2658 aliquam
1419 2594 1441 2657 9

293 2680 372 2744 illud
402 2680 586 2764 accedebat,
625 2680 711 2745 idem
740 2681 808 2745 fere
839 2681 994 2746 accidisse
1024 2681 1058 2744 in
1088 2681 1280 2746 eeo'istretus
1312 2677 1362 2766 (ut
1395 2679 1440 2744 sic

293 2785 402 2851 imiter
421 2785 606 2873 scribendo)
626 2779 780 2853 accidisse
803 2787 1016 2872 perspicimus
1041 2787 1126 2872 quod
1149 2788 1182 2851 in
1206 2786 1439 2871 monosyllabis

292 2893 383 2972 eius,
406 2895 526 2978 euius,
549 2893 673 2978 trtius,
696 2916 779 2979 quae
798 2915 926 2958 rursum
946 2916 1019 2959 cum
1037 2915 1157 2975 aucerre,
1181 2892 1291 2960 Deum
1308 2914 1439 2978 prorsus

293 3022 363 3064 esse
387 3001 604 3085 comparanda
628 3005 772 3086 apparet.

382 3104 444 3172 Sed
463 3107 670 3193 redeundum,
693 3108 777 3173 unde
797 3107 903 3174 exorsi
922 3130 1043 3193 sumus,
1063 3108 1104 3173 ad
1126 3109 1270 3190 quidem
1288 3113 1321 3173 et
1339 3107 1441 3192 apud

292 3213 478 3296 particulas.
531 3214 621 3291 Quae
654 3237 730 3282 eane
762 3215 920 3300 liquidam
952 3237 1019 3281 non
1052 3215 1176 3280 habent
1207 3215 1293 3280 inter
1324 3215 1438 3280 breves

291 3320 422 3385 vocales
445 3319 524 3386 duas
548 3321 762 3388 interiectam.
802 3320 925 3387 Verum
949 3321 1035 3408 quod
1057 3322 1127 3387 fieri
1151 3321 1296 3387 inomni
1320 3343 1437 3408 genere

292 3447 400 3490 rerum
424 3426 581 3513 videmus,
609 3433 647 3494 ut
673 3451 739 3495 non
768 3433 837 3493 tam
860 3429 956 3493 certis
981 3432 1014 3493 et
1037 3427 1296 3494 immutabilibus
1318 3428 1438 3493 finibus

293 3533 494 3618 singulorum
524 3534 609 3599 inter
638 3554 671 3599 se
699 3533 845 3599 ordinum
870 3532 1043 3619 diremptio
1066 3537 1214 3618 regatur,
1240 3533 1438 3619 quinquae

292 3639 366 3703 dam
390 3639 569 3706 redundent
593 3645 626 3706 et
649 3641 801 3706 liberiore
824 3642 954 3708 vinculo
978 3663 1104 3706 annexa
1127 3642 1235 3726 potius
1260 3662 1358 3725 quam
1385 3663 1437 3707 eo·

292 3767 375 3810 nexa
398 3747 554 3813 fluctuent
576 3748 661 3813 inter
684 3749 746 3814 duo
775 3770 909 3835 genera,
936 3747 969 3812 id
993 3748 1070 3834 quid
1094 3748 1211 3813 mirum
1234 3747 1262 3812 si
1285 3746 1337 3812 bic
1359 3769 1437 3832 quo-

292 3874 354 3938 que
377 3853 484 3920 locum
506 3854 644 3921 habuit?
689 3854 727 3920 Id
754 3855 855 3941 igitur
883 3856 997 3921 eadere
1019 3857 1054 3921 in
1077 3879 1132 3923 eas
1156 3855 1236 3921 duas
1260 3853 1436 3936 particulas

291 3999 504 4008 ..m-.-

290 4063 391 4120 Persae
410 4065 431 4133 1,
450 4071 475 4135 8,
495 4071 529 4120 ⁶7
548 4065 678 4135 paratum
697 4064 747 4119 est.
786 4062 918 4134 Superest
935 4065 968 4119 ut
986 4064 1087 4119 Persae
1110 4063 1150 4133 ll,
1169 4067 1195 4133 5,
1213 4069 1247 4118 21
1275 4063 1314 4119 eie
1332 4079 1431 4134 perpo-

291 4153 471 4308 ham-Qum
489 4242 522 4295 tri
539 4240 600 4296 ais?
619 4241 746 4297 dominns
765 4257 810 4297 me
830 4226 968 4297 Eretriam
986 4243 1073 4299 bonde
1090 4243 1245 4298 mercatum
1263 4241 1350 4312 misit,

292 4331 341 4386 ubi
360 4331 440 4386 boues
458 4335 605 4386 macetum
624 4331 765 4386 Eretrim
784 4331 940 4388 collocatur
957 4331 1052 4402 vulgo.

380 4420 406 4486 ⁸)
426 4419 480 4491 [De
499 4419 662 4474 oblivisci
680 4418 765 4474 verbo
784 4418 848 4474 vide
866 4436 931 4474 ann.
951 4419 987 4474 ad
1005 4421 1063 4474 Mil
1083 4437 1110 4475 v.
1131 4421 1220 4492 lata]

362 4507 405 4574 **)
425 4507 448 4576 [‘
457 4507 498 4560 De
515 4522 645 4561 mensura
663 4506 815 4562 fallebatur
828 4507 1023 4562 Lachmannue
1042 4507 1070 4562 in
1090 4509 1170 4562 Lacr.
1190 4525 1217 4578 p.
1237 4509 1310 4564 290)
1330 4507 1433 4580 Trin.¹]
