3302 5076
290 416 355 482 636
668 431 903 482 nsrarrusoaa
927 433 1055 480 nabau.

293 575 417 640 cantari
443 573 578 659 soleant,
602 577 671 640 tum
695 575 735 641 ad
754 598 826 640 cam
846 577 987 640 maxime
1004 574 1202 660 philologiae
1221 577 1347 659 partem
1366 595 1436 659 per·

290 683 408 764 tinent,
441 703 523 765 quae
555 682 660 765 ipsius
692 683 824 768 linguae
856 683 975 749 finibus
1007 681 1291 747 circumscribitur.
1336 680 1437 746 Velut

290 791 357 853 tam
378 791 427 853 est
446 810 557 854 rerum
576 811 653 853 sane
678 812 776 874 quam
800 789 934 874 planum
957 789 1046 872 illud,
1065 787 1151 872 quod
1170 809 1252 872 eum,
1276 787 1333 871 qui
1351 789 1434 853 bene

290 894 403 959 docere
427 895 516 979 velit,
540 895 652 960 dicunt
670 897 743 981 plus
762 897 878 962 debere
901 896 1059 980 didicisse,
1083 917 1180 980 quam
1203 915 1284 980 quae
1307 894 1436 978 doceat3

291 1001 444 1085 quoniam
458 1025 524 1068 non
537 1007 648 1086 potest
665 1003 822 1088 profecto,
840 1003 904 1070 nisi
922 1004 974 1069 cui
993 1003 1160 1087 aliquanto
1180 1002 1310 1068 uberior
1329 1023 1436 1066 rerum

291 1109 383 1192 copia
410 1110 445 1174 in
472 1113 626 1193 promptu
654 1114 719 1194 est,
742 1110 895 1176 dilectum
919 1110 1039 1176 habere
1062 1132 1188 1192 eorum,
1218 1131 1300 1194 quae
1323 1108 1436 1192 cuique

290 1215 361 1280 loco
393 1219 426 1280 et
453 1217 593 1300 tempori
622 1221 700 1301 apta
728 1217 793 1282 siut
820 1221 852 1282 et
880 1217 1039 1303 imprimis
1067 1217 1225 1301 apposita.
1271 1214 1333 1281 Vel
1363 1236 1436 1280 cum

279 1321 476 1386 scholarum
492 1324 665 1408 magistros
681 1324 795 1388 iubent
808 1345 873 1388 non
892 1323 1080 1390 intermisso
1100 1324 1138 1388 in
1158 1323 1238 1388 dies
1262 1343 1437 1388 crescen-

291 1427 387 1492 tium
418 1428 600 1493 litterarum
630 1431 823 1496 commercio
847 1431 992 1495 animum
1016 1453 1054 1496 eo
1078 1430 1256 1514 advertere,
1285 1432 1321 1494 ut
1344 1428 1436 1513 quasi

291 1555 450 1598 summam
480 1536 738 1620 complectantur
768 1559 893 1621 eorum,
929 1559 1011 1622 quae
1042 1538 1069 1602 si
1098 1561 1164 1603 non
1194 1536 1437 1621 recentissimis,

293 1644 378 1706 certe
411 1643 645 1708 recentioribus
679 1644 861 1728 quibusque
894 1643 1062 1709 doctorum
1096 1643 1264 1710 hominum
1294 1643 1439 1727 dispota-

295 1747 440 1813 tionibus
465 1751 647 1835 explorata,
676 1750 850 1815 tradendae
873 1751 1104 1836 grammaticae
1128 1751 1287 1816 rationem
1311 1771 1435 1833 promo·

292 1854 406 1939 verint,
429 1877 564 1940 eamque
578 1877 762 1921 summam
786 1857 859 1922 illos
875 1858 990 1924 volunt
1004 1858 1090 1923 iusto
1110 1857 1256 1922 adhibito
1279 1861 1438 1939 tempera-

293 1964 402 2026 mento
426 1961 459 2026 in
484 1962 669 2027 scholarum
693 1964 955 2029 consuetudinem
979 1964 1154 2049 prudenter
1181 1961 1438 2047 accommodare;

294 2066 416 2152 alioqui
431 2070 518 2134 enim
533 2067 701 2135 fatendum
716 2076 766 2136 est
779 2093 982 2156 numquam
998 2071 1045 2137 rei
1064 2072 1275 2138 scholasticae
1295 2070 1438 2135 rationes

293 2174 539 2241 emendatum
556 2176 605 2240 iri.
638 2176 684 2242 Vt
704 2182 812 2243 autem
832 2179 872 2244 ab
896 2179 1026 2264 linguae
1051 2177 1210 2264 angustiis
1234 2181 1438 2242 transeamus

292 2280 326 2345 in
350 2282 450 2347 latius
473 2285 624 2366 patentes
648 2282 866 2368 philologicos
890 2285 1081 2370 disciplinae
1103 2283 1274 2349 universae
1297 2303 1439 2366 campos,

291 2409 331 2452 ne
362 2388 415 2453 hic
444 2387 573 2472 quidam
604 2390 729 2456 animus
764 2391 866 2477 gestit
894 2391 927 2455 in
958 2391 1045 2456 tritis
1077 2391 1144 2455 illis
1174 2394 1208 2454 et
1237 2388 1438 2475 pervulgatis

291 2495 438 2578 haerere3
461 2495 558 2580 quale
581 2495 643 2560 hoc
667 2499 726 2581 est,
749 2498 834 2583 quod
858 2519 936 2562 sane
955 2499 1067 2584 lingua
1086 2519 1230 2582 quaeque
1247 2519 1311 2562 non
1330 2499 1439 2581 potest

291 2601 355 2666 nisi
385 2601 574 2685 exscriptis
606 2603 788 2668 litterarum
813 2605 1032 2670 monumentis
1065 2603 1203 2688 addisci,
1235 2603 1305 2668 eius
1337 2603 1439 2687 igitur

297 2708 442 2793 cognitio
471 2729 701 2792 saepenumero
729 2734 811 2777 uera
838 2717 888 2778 est
910 2735 948 2778 ex
973 2711 1146 2777 sententiis
1170 2711 1374 2795 scriptorum,
1398 2708 1438 2774 ad

292 2837 372 2899 quas
400 2816 488 2900 ipsas
516 2818 751 2902 pemoscendas
781 2820 814 2883 in
838 2819 1013 2903 propatulo
1036 2822 1087 2884 est
1110 2818 1230 2902 requiri
1254 2814 1340 2882 haud
1363 2837 1438 2880 raro

290 2921 485 3004 locupletem
514 2923 705 2989 facultatem
733 2924 809 2990 talis
833 2927 1068 3010 praeceptoris,
1096 2925 1209 3011 quiin
1231 2923 1333 2990 totius
1357 2921 1437 2987 anti-

292 3029 442 3114 quitatis,
470 3030 569 3094 stiam
595 3053 676 3115 quae
701 3031 847 3098 seiuncta
871 3037 922 3098 est
945 3034 987 3098 ab
1011 3034 1142 3118 linguae
1165 3030 1368 3114 cognitione,
1391 3029 1437 3094 fa·

292 3135 516 3202 miliaritatem
548 3159 618 3202 sese
648 3139 830 3204 insinuarit.
876 3137 1009 3205 Habent
1038 3139 1185 3224 profecto
1216 3139 1296 3204 haec
1329 3136 1439 3201 omnia

294 3242 360 3308 vim
376 3243 538 3327 quandam
556 3267 658 3331 suam,
681 3267 747 3311 non
764 3247 888 3312 habent
907 3247 1134 3333 gravissimum
1154 3245 1293 3330 pondus3
1316 3242 1438 3308 leviora

291 3356 369 3413 sunt
397 3371 474 3433 prae
503 3373 555 3435 eo,
584 3353 668 3437 quod
698 3358 812 3438 restat,
841 3355 876 3420 in
903 3377 966 3439 quo
989 3355 1056 3419 fere
1080 3354 1187 3418 miuus
1212 3351 1333 3417 versari
1357 3349 1438 3415 mul-

291 3461 400 3521 torum
430 3457 646 3542 cogitationes
677 3459 779 3525 video.
825 3461 932 3545 Atque
963 3462 995 3525 in
1026 3461 1088 3526 hoe
1120 3461 1324 3544 potissimum
1357 3456 1438 3522 illud

292 3563 391 3647 cadit,
426 3563 511 3648 quod
542 3566 710 3648 prooemio
741 3567 981 3652 significabam3
1017 3571 1241 3651 comparatum
1274 3565 1358 3630 enirn
1389 3565 1439 3627 est

291 3670 352 3752 ita,
380 3674 416 3734 ut
438 3693 501 3736 non
525 3676 594 3736 tam
620 3673 659 3737 ad
683 3694 809 3758 eorum,
838 3675 893 3758 qui
921 3677 1057 3739 utuntur
1085 3672 1282 3738 scholastica
1309 3670 1438 3747 institu-

293 3777 396 3858 tione,
427 3801 523 3862 quam
554 3779 595 3842 ad
624 3777 740 3844 horum
771 3781 991 3846 condicionem
1020 3780 1197 3864 pertineat,
1228 3778 1283 3876 qpi
1307 3779 1340 3843 in
1369 3799 1439 3842 eru·

293 3883 410 3950 dienda
433 3885 550 3968 puerili
581 3885 820 3951 aetate‘vitam
853 3891 1080 3952 consumentes
1112 3885 1207 3950 simul
1240 3884 1438 3970 philologiae

292 4014 424 4076 operam
447 3995 570 4057 navant
592 4014 693 4058 suam.
740 3993 824 4059 Nam
843 4031 886 4040 —
905 3997 942 4058 ut
960 3994 1059 4058 libere
1078 3993 1182 4058 dicam
1204 4029 1242 4038 «-
1265 3994 1341 4056 sunt
1359 3991 1439 4056 haee

293 4097 355 4164 duo
385 4121 476 4182 sane,
505 4101 712 4183 quantumvis
741 4105 827 4165 recte
855 4104 888 4165 et
910 4100 1032 4164 rationi
1057 4099 1285 4166 convenienter
1308 4098 1349 4163 ab
1373 4119 1438 4162 uno

291 4205 423 4268 homine
456 4205 595 4288 sociata,
631 4209 740 4270 tamen
773 4205 872 4269 etiam
905 4210 1019 4290 suapte
1051 4209 1169 4270 natura
1201 4204 1310 4289 aliquo
1343 4203 1438 4269 modo

293 4309 439 4374 discreta
476 4310 593 4376 Recte
617 4315 725 4375 autem
750 4313 878 4397 ascisci,
902 4335 984 4398 quae
1007 4313 1074 4377 fere
1098 4336 1118 4376 a
1141 4310 1343 4377 scholasticis
1366 4311 1438 4377 doc-

292 4417 417 4482 toribus
433 4419 579 4484 videmus
599 4419 639 4484 ad
658 4419 837 4504 magisterii
857 4441 949 4485 curas
970 4419 1085 4485 ascisci
1103 4419 1303 4504 philologica
1321 4416 1439 4503 studia,

294 4522 433 4588 maxime
465 4523 595 4606 probari
626 4523 689 4590 hoe
719 4529 909 4611 argumento
939 4527 1029 4610 puto.
1073 4523 1147 4588 Etsi
1178 4523 1263 4588 enim
1294 4523 1438 4588 muneris
