3318 5072
560 416 823 468 suunnnrroms
847 415 1052 467 PLAVTINAE.
1309 403 1374 468 525

232 563 309 630 ostii
329 560 479 650 Sedigiti,
504 564 539 630 L.
564 565 654 630 Accii
678 564 846 650 exemplis,
874 585 1048 650 eorumque
1073 565 1217 631 versibus
1242 566 1376 630 astricta

232 673 379 737 oratione
404 671 573 759 utentium,
597 673 691 737 docui
712 671 879 758 Parergon
898 695 926 757 p.
949 673 1067 757 90sqq.
1092 673 1156 738 238
1164 693 1232 757 sqq.
1256 673 1375 756 321sq.

232 778 302 844 coll
316 778 418 862 praef.
433 801 462 863 p.
477 777 586 844 XVII:
610 779 747 844 alteram
766 779 1017 864 Antoninorum,
1041 803 1105 864 que
1128 783 1161 844 et
1183 780 1376 845 resuscitata

230 890 305 949 sunt
327 884 479 951 Plautina
502 887 610 952 studia
634 893 667 951 et
690 887 731 952 ad
755 885 958 970 antiquitatis
977 885 1174 972 Naevianae,
1196 885 1375 968 Plautinae,

229 991 397 1058 Ennianae
421 993 636 1058 imitationem
659 994 724 1078 ipsi
748 1016 782 1058 se
801 993 975 1078 scriptores
995 997 1028 1058 et
1046 997 1161 1078 poetae
1179 997 1268 1060 totos
1288 1015 1375 1058 com·

229 1104 413 1182 posuerunt.
460 1100 567 1184 Atque
599 1100 676 1165 talis
708 1104 771 1184 est,
803 1105 840 1165 ut
872 1101 976 1166 dicam
1006 1102 1093 1186 quod
1124 1102 1261 1184 sentio,
1278 1101 1375 1184 prisci

229 1207 387 1271 sermonis
412 1208 563 1272 affectata
586 1207 709 1292 species
732 1206 805 1291 illa,
832 1229 928 1292 quam
958 1211 1149 1294 argumente
1171 1209 1306 1272 metrica
1328 1208 1375 1272 fa·

228 1313 378 1379 bolarum
401 1313 627 1380 Plautinarum
652 1336 729 1398 prae
749 1335 783 1378 se
802 1315 924 1380 ferunt:
950 1314 983 1378 id
1008 1315 1094 1398 quod
1114 1336 1180 1381 non
1198 1337 1264 1380 uno
1280 1335 1374 1400 argu-

228 1425 338 1485 mento
366 1421 573 1508 intellegitur.
620 1419 702 1486 (lum
730 1426 839 1487 autern
863 1421 995 1488 illorum
1019 1422 1137 1507 duplex
1161 1442 1263 1508 genus
1287 1427 1373 1488 aeta-

227 1531 295 1590 tem
318 1528 442 1592 tulerit:
466 1529 603 1594 alterum
628 1529 893 1613 acrostichorum,
916 1551 998 1614 quae
1023 1535 1152 1594 servata
1170 1533 1246 1594 suut
1266 1529 1375 1594 omnia

229 1631 308 1718 (nisi
335 1636 420 1720 quod
448 1657 549 1700 unum
576 1635 742 1701 intercidit
768 1657 840 1701 cum
869 1637 941 1720 ipso
970 1637 1128 1721 principio
1153 1633 1375 1722 Bacchidem),

228 1741 366 1807 alterum
393 1763 458 1809 non
486 1743 755 1829 acrostichomm,
784 1766 922 1829 quorum
950 1744 1045 1810 hodie
1075 1744 1217 1830 quinque
1245 1747 1374 1808 tantum

229 1852 418 1934 supersunt,
446 1849 524 1914 olim
552 1853 605 1915 tot
634 1854 714 1933 quot
736 1855 812 1915 sunt
834 1851 965 1915 fabulae
989 1851 1152 1915 exstitisse
1176 1871 1309 1934 prorsus
1333 1849 1375 1912 si·

228 1956 304 2020 mile
324 1957 391 2022 veri
411 1956 511 2041 est*):
535 1957 597 2022 hoo
616 1957 746 2040 quidem
768 1958 930 2041 posterius
953 1978 1054 2042 genus
1077 1957 1117 2022 ad
1134 1957 1375 2054 Antoninorum

229 2067 376 2147 tempora
395 2084 432 2127 eo
456 2062 670 2128 confidentius
694 2063 798 2128 refero
822 2084 887 2148 quo
910 2065 1015 2148 magis
1043 2066 1199 2147 cognatos
1223 2061 1312 2126 lusus
1337 2084 1375 2127 ea

228 2172 318 2232 aetas
346 2160 479 2253 peperit.
525 2167 610 2234 Nam
639 2170 711 2235 vido
739 2171 819 2235 mihi
848 2193 945 2255 quam
969 2170 1085 2236 similis
1109 2170 1177 2234 eius
1201 2190 1299 2252 opera
1321 2191 1525 2238 ex·cccxv111

228 2274 360 2359 stiterit,
382 2276 438 2360 qui
457 2277 658 2361 singularum
678 2276 822 2342 Terentii
841 2277 1025 2344 fabularum
1045 2280 1237 2361 argumenta
1259 2276 1375 2340 duode-

227 2380 278 2446 nis
298 2381 433 2447 senariis
452 2405 517 2448 non
537 2383 652 2449 inscite
671 2384 767 2449 fectis
786 2385 1046 2470 comprehendit:
1070 2405 1167 2468 quam
1186 2383 1265 2466 eius,
1284 2385 1374 2449 cuius

227 2486 262 2550 in
281 2487 432 2553 Aeneidis
456 2490 603 2574 singulos
626 2490 727 2556 libros
751 2494 945 2577 argumenta
968 2490 1054 2556 senis
1077 2489 1274 2556 hexametris
1298 2512 1373 2556 con-

228 2595 319 2660 clusa
341 2593 375 2659 in
399 2595 602 2680 Anthologia
625 2596 729 2661 latina
751 2597 913 2662 habentur
936 2595 982 2682 lI,
1009 2599 1071 2662 194
1095 2597 1221 2682 Burm.‚
1244 2597 1374 2684 Meyero

226 2722 256 2766 n.
281 2701 355 2767 223.
401 2703 510 2788 Atque
537 2703 618 2768 haec
647 2703 776 2788 quidem
806 2705 972 2789 poematia
998 2708 1135 2789 utraque
1163 2727 1229 2769 non
1256 2705 1373 2768 aetatis

227 2813 356 2873 tantum
375 2814 452 2875 sunt
469 2810 575 2894 unius,
593 2809 649 2875 sed
668 2809 811 2875 eiusdem
831 2811 910 2876 adeo
929 2811 1080 2895 hominis,
1099 2809 1233 2894 Sulpicii
1248 2810 1375 2894 Apolli-

228 2916 316 2980 naris
339 2914 626 3002 Carthaginiensis.
663 2913 719 3001 Vt,
742 2917 798 3000 qui
821 2916 970 2981 adhunc
994 2917 1100 3002 ipsum
1124 2913 1275 2981 Plautina
1297 2939 1373 3001 quo-

227 3045 288 3107 que
316 3029 508 3108 argumenta
535 3023 656 3089 referat
683 3024 919 3108 quindenorum
947 3045 1098 3088 versuum
1126 3043 1260 3088 numero
1285 3045 1374 3089 erae

227 3129 406 3215 quata**),
442 3131 477 3194 in
512 3135 605 3195 tanta
644 3131 752 3196 Plauti
786 3129 993 3216 Terentiique
1029 3129 1272 3214 propinquitate
1308 3153 1374 3195 non

229 3235 410 3301 mehercule
443 3237 553 3321 inepta
585 3237 771 3302 coniectura
805 3242 924 3303 utatur.
978 3236 1094 3302 Paullo
1128 3258 1224 3320 quam
1256 3236 1373 3301 horum

227 3343 422 3426 asperiorem
446 3347 550 3407 artem
569 3343 675 3408 fateor
693 3345 946 3410 acrostichomm
966 3365 1050 3409 esse:
1074 3342 1159 3427 quod
1178 3346 1289 3408 tamen
1307 3365 1374 3408 non

228 3452 277 3510 est
310 3470 367 3512 cur
399 3471 416 3514 e
448 3453 632 3533 temporum
665 3449 821 3515 distantia
852 3455 996 3534 repetas,
1033 3471 1105 3514 curn
1143 3453 1195 3513 sat
1231 3451 1375 3535 locuples

230 3554 414 3638 asperitatis
445 3578 560 3621 caussa
587 3557 621 3622 in
649 3561 801 3641 promptu
828 3556 908 3620 haec
932 3558 988 3640 sit,
1012 3556 1098 3641 qnod
1121 3557 1288 3644 negotium
1310 3581 1375 3622 me-

227 3659 328 3726 diocri
351 3669 467 3748 poetae
496 3665 661 3729 exhiberet
689 3687 839 3729 versuum
868 3687 887 3728 a
910 3663 1005 3729 certis
1035 3663 1151 3729 litteris
1180 3664 1375 3749 incipiendo·

227 3791 299 3834 rum
322 3771 507 3837 necessitas.
555 3771 657 3849 Quem
685 3775 794 3835 autern
823 3771 920 3853 prisci
944 3771 1101 3835 sermonis
1125 3772 1266 3836 colorem
1295 3771 1375 3838 haec

226 3877 408 3943 acrostieha
430 3879 586 3964 produnt,
615 3902 687 3945 eum
711 3901 777 3943 non
802 3882 915 3961 suapte
939 3881 1054 3961 sponte
1077 3882 1190 3942 natum
1214 3900 1294 3962 esse,
1317 3879 1372 3942 sed

333 4091 359 4160 *)
381 4091 474 4160 Atque
497 4090 567 4145 adeo
592 4091 672 4162 senti,
696 4091 771 4161 quod
789 4091 825 4145 ad
845 4089 982 4144 Persam
1002 4087 1169 4158 pertinebat,
1188 4089 1281 4142 lacera
1299 4088 1372 4158 trag-

227 4179 324 4234 menta
348 4179 486 4248 quaedam
511 4178 540 4232 in
568 4179 738 4235 membranis
762 4177 955 4234 Ambrosianis
979 4191 1123 4246 superesse
1152 4175 1208 4232 iam
1232 4177 1372 4246 Parsrgon

226 4284 253 4336 p.
273 4273 323 4323 297
344 4267 462 4324 ostendi.
1037 4279 1041 4288 ’

316 4357 358 4427 **)
377 4357 454 4423 Quae
478 4355 651 4412 concinnitas
675 4373 739 4412 cnm
761 4358 846 4426 plane
869 4355 992 4411 dubitem
1015 4355 1138 4422 nequeat
1155 4351 1223 4421 quin
1242 4355 1373 4410 constans

225 4445 311 4500 fuerit
328 4447 358 4500 in
375 4445 512 4515 omnibns,
530 4445 614 4500 facile
633 4444 808 4516 intellegitur
826 4447 856 4500 in
870 4443 1084 4514 Amphitruonis
1099 4443 1275 4512 argumento,
1294 4443 1373 4498 cuius

225 4535 309 4590 hodie
324 4535 424 4589 decem
443 4537 553 4589 tautum
573 4534 706 4600 feruutur,
725 4535 847 4604 quinque
866 4551 961 4588 versus
980 4529 1163 4594 intercidisse,
