3302 5076
305 415 371 479 650
683 431 914 480 nsrurnrscsn
938 433 1064 480 annau.

305 595 434 638 rursum
458 573 492 637 hi
515 573 694 657 despicatui
718 575 759 640 ab
782 573 849 636 illis
869 571 995 638 habiti?
1028 573 1190 640 Neutrum
1210 573 1355 659 profecto
1374 597 1447 640 oon-

306 678 452 743 ridorate.
497 679 645 764 Namque
674 681 736 745 etsi
762 681 832 746 iure
861 702 938 746 sane
967 682 1146 766 meritoque
1174 703 1233 765 pro
1257 682 1448 766 aequisque

305 784 338 848 id
362 785 577 869 amplectitur,
600 809 664 871 quo
689 789 801 852 innato
825 787 925 853 animi
949 789 1074 872 impetu
1098 793 1130 853 et
1148 788 1323 872 praecipua
1346 788 1449 853 delec-

305 892 427 957 tatione
455 892 605 976 ducatur,
637 896 787 978 recteque
815 895 918 958 altera
946 916 985 958 ex
1013 899 1106 978 parte
1130 893 1374 978 antiquitatium
1397 913 1448 956 ex·

306 997 536 1082 plorandarum
565 1003 598 1062 et
625 1000 892 1085 pervestigandae
920 1000 1051 1085 linguae
1080 999 1188 1064 studia
1211 1000 1296 1064 inter
1319 1021 1354 1064 se
1378 1019 1450 1064 con·

305 1105 462 1189 feruntur,
486 1110 624 1190 atquae
647 1112 857 1191 utrorumque
880 1107 1031 1191 propriae
1055 1107 1122 1170 sint
1144 1105 1450 1188 commendationes,

307 1211 488 1297 dispicitur:
513 1217 623 1278 tamen
647 1235 719 1278 eam
742 1213 838 1279 debet
860 1213 941 1278 haec
959 1211 1160 1296 comparatio
1179 1211 1245 1274 vim
1263 1211 1391 1293 habere,
1414 1215 1451 1276 ut

307 1323 476 1403 utramque
501 1323 717 1406 cognoscatur
734 1323 862 1403 partem
881 1319 1105 1384 tantummodo
1125 1338 1195 1381 esse
1214 1317 1368 1399 plenioris
1387 1317 1451 1382 dis-

306 1423 456 1508 ciplinae,
479 1447 538 1490 nec
557 1427 621 1492 nisi
640 1425 836 1491 consociatis
855 1425 1017 1508 utrimque
1037 1424 1152 1489 studiis
1170 1445 1266 1507 posse
1285 1424 1451 1508 adipsum

307 1532 405 1596 finem
427 1531 627 1617 philologiae
650 1532 813 1615 perveniri
836 1532 1053 1616 intellegatur.
1099 1531 1174 1596 Non
1198 1532 1340 1616 comperi
1363 1532 1450 1616 equi·

307 1638 380 1703 dem
410 1638 516 1703 simile
547 1639 698 1722 quiddam
728 1640 766 1703 in
793 1638 908 1704 ceteris
938 1637 1119 1722 disciplinis
1150 1638 1233 1702 fieri:
1266 1658 1325 1702 nec
1355 1638 1451 1719 enim,

308 1748 463 1828 quantum
492 1745 622 1830 quidem
651 1745 764 1827 sciam,
797 1746 848 1810 vel
878 1745 912 1809 in
940 1745 1106 1829 theologia
1134 1745 1324 1828 dogmatum
1351 1745 1450 1810 inter-

307 1855 414 1934 pretes
443 1855 691 1916 contemnuntur
719 1852 760 1916 ab
790 1851 1021 1933 hermensutis,
1053 1851 1103 1914 vel
1131 1850 1212 1914 iuris
1235 1851 1357 1934 publici
1379 1851 1451 1917 doc·

307 1961 395 2020 tores
424 1980 444 2022 a
471 1958 591 2041 privati
620 1958 871 2042 scrutatoribus,
903 1960 955 2023 vel
984 1957 1228 2044 aphysiologis
1252 1957 1451 2041 chirurgisve

307 2063 486 2149 pathologi,
510 2067 562 2130 vol
586 2066 715 2151 zoologi
738 2066 920 2132 herbariive
945 2089 964 2130 a
983 2065 1145 2148 chemicis,
1168 2063 1221 2129 vel
1245 2065 1452 2148 antiquarum

308 2170 519 2236 historiarum
546 2175 749 2237 enarratores
776 2173 817 2237 ab
846 2173 887 2238 iis
915 2173 970 2257 qui
998 2174 1032 2237 in
1064 2172 1160 2237 medii
1189 2173 1260 2236 aevi
1289 2171 1451 2255 proximo-

309 2299 420 2344 rumve
440 2277 645 2342 saeculorum
664 2279 762 2343 rebus
786 2280 888 2363 gestis
912 2284 1090 2344 versantur.
1133 2278 1222 2354 Quae
1246 2278 1374 2362 quidem
1398 2299 1450 2340 ex-

309 2385 416 2468 empla
438 2384 500 2448 etsi
523 2385 656 2449 minime
679 2407 738 2451 nos
761 2387 847 2471 fugit
869 2386 963 2450 ualde
987 2407 1056 2450 esse
1076 2385 1229 2470 disparia,
1252 2388 1361 2449 tamen
1381 2389 1449 2448 tan·

308 2495 378 2556 tum
402 2490 624 2556 similitudinis
648 2491 770 2557 habent
793 2493 911 2575 omnia,
934 2495 1099 2576 qnantum,
1121 2496 1158 2556 ut
1181 2493 1234 2557 hie
1256 2501 1454 2556 commemo-⁵

309 2601 429 2681 rentur,
453 2597 533 2661 sutis
560 2599 618 2661 est
656 2595 771 2681 Itaque
801 2598 925 2663 videtur
950 2599 1041 2682 illud,
1065 2599 1150 2682 quod
1179 2598 1452 2684 improbabamus,

308 2704 476 2787 proprium
499 2703 739 2788 philologorum
762 2741 798 2751 -
820 2727 886 2770 non
906 2727 985 2788 esse,
1008 2705 1064 2770 aad
1082 2707 1196 2770 fuisse:
1221 2705 1349 2790 quando
1373 2726 1452 2788 pau-

309 2831 363 2874 cos
387 2831 457 2874 esse
481 2810 685 2894 suspicamur
708 2812 763 2895 qui
787 2834 854 2876 non
877 2812 1044 2876 liberalius
1069 2813 1189 2876 sentire
1213 2810 1309 2876 hodie
1332 2809 1450 2874 didice-

234 2916 384 2982 v111rint.
430 2915 492 2981 Sed
521 2921 630 2981 tamen
657 2939 697 2982 ne
722 2917 921 3002 sicquidem
944 2918 985 2982 ab
1009 2911 1073 2984 is'ta
1096 2918 1344 3004 reprehensione
1367 2919 1451 2980 cete·

308 3045 362 3088 rae
395 3023 584 3108 discipliuae
617 3025 737 3090 liberae
770 3029 854 3090 sunt.
901 3025 1023 3102 Quodsi
1057 3027 1144 3090 enim
1177 3049 1197 3088 a
1229 3024 1377 3108 partibus
1410 3022 1450 3086 ad

307 3130 380 3216 ipsa
413 3150 532 3214 genera
563 3131 743 3214 pergimus,
775 3152 847 3213 nec,
880 3153 961 3214 quae
990 3131 1058 3196 fieri
1083 3135 1222 3214 constet,
1255 3129 1451 3196 obstinatius

307 3257 478 3321 negamus,
506 3237 646 3318 primum
674 3237 840 3302 fatendum
869 3241 920 3302 est
943 3237 1004 3302 hac
1028 3237 1233 3321 potissimum
1257 3240 1364 3302 aetate
1387 3256 1452 3299 non

309 3342 503 3406 mediocrem
528 3346 561 3407 et
583 3343 737 3407 invidiam
762 3348 795 3408 et
818 3343 1090 3409 obtrectationem
1113 3342 1199 3408 inter
1222 3343 1364 3426 reliquas
1388 3341 1452 3406 dis-

309 3449 447 3532 ciplinas
476 3454 608 3513 cunctas
638 3453 670 3513 et
693 3471 765 3514 eam
789 3449 1001 3534 intercedere,
1025 3471 1107 3534 quae
1131 3450 1207 3514 dnm
1230 3471 1265 3514 se
1288 3471 1361 3514 cum
1384 3446 1452 3512 illis

309 3556 443 3637 confert,
467 3555 563 3638 longe
587 3555 747 3638 potiorem
771 3557 873 3622 iactat
896 3561 929 3620 et
952 3562 1119 3641 tamquam
1143 3557 1275 3622 domina
1294 3554 1452 3639 quaedam

310 3663 342 3728 in
371 3683 481 3726 servas
511 3661 677 3744 superbire
706 3664 887 3728 consuevit:
920 3686 1016 3749 quam
1040 3663 1169 3748 quidem
1194 3662 1266 3747 quis
1290 3661 1451 3726 docendus

310 3770 354 3834 sit
376 3791 441 3834 non
465 3769 562 3832 aliam
586 3773 683 3852 atque
706 3769 945 3854 philosophiam
970 3793 1053 3854 esse,
1075 3771 1161 3835 iusto
1185 3769 1314 3854 saepius
1337 3790 1451 3853 parum

309 3875 401 3940 illam
426 3896 615 3958 memorem,
648 3898 744 3960 quam
769 3881 802 3940 et
823 3877 929 3941 inanis
953 3881 987 3940 et
1009 3877 1109 3942 fallax
1132 3877 1203 3960 ipsa
1226 3877 1271 3941 sit
1294 3876 1363 3940 sine
1386 3876 1452 3959 ple-

309 3983 446 4050 nissima
478 3981 680 4066 singulorum
713 3983 912 4066 cognitione,
943 4005 1059 4066 parum
1091 3993 1281 4063 memorem,
1318 3984 1354 4047 ut
1386 4001 1450 4045 uno

310 4089 408 4154 verbo
437 4089 556 4169 dicam,
589 4088 728 4172 exempli
757 4089 963 4154 Aristotelii?
1011 4089 1215 4173 Quamquam
1248 4107 1451 4171 nequaquam

310 4195 489 4260 infitiamur
517 4216 582 4259 non
611 4194 713 4258 multo
743 4194 848 4258 minus
873 4196 913 4260 ab
938 4196 1041 4260 altera
1065 4200 1157 4280 parte
1181 4217 1218 4260 eo
1243 4194 1383 4278 peccari,
1416 4197 1453 4257 ut

311 4325 375 4367 non
399 4302 479 4366 satis
503 4302 644 4386 reliquae
669 4305 764 4383 artes,
788 4323 885 4385 quam
910 4301 978 4366 sine
998 4301 1226 4385 philosophiae
1245 4299 1365 4364 lumine
1384 4319 1452 4363 cse-

312 4409 450 4491 cutiant,
481 4410 712 4491 persentiscere
740 4408 919 4472 videantur.
964 4407 1105 4472 Rursum
1134 4411 1243 4472 autem
1271 4404 1333 4470 hae
1362 4406 1452 4489 ipsae

312 4536 384 4584 cum
411 4514 532 4580 rationi
556 4515 783 4580 convenienter
810 4516 844 4579 in
867 4515 947 4580 duas
970 4520 1079 4599 parter
1103 4513 1341 4596 dispescuntur:
1374 4533 1454 4594 qus-
