3306 5070
704 441 860 491 inuans.
1288 424 1351 490 759

208 583 341 668 attinet,
376 606 440 650 nou
473 585 566 664 lieuit
593 604 650 671 ru,
684 584 775 651 euius
813 587 876 651 sois
910 590 1031 671 quanto
1060 585 1165 653 teneri
1191 584 1350 651 desiderio

207 691 344 775 soleam,
378 692 411 756 in
444 691 678 756 iucundissimo
710 692 856 776 hospitio
883 692 1062 758 Dresdensi
1095 715 1204 759 eoram
1232 691 1351 757 intueri

206 801 304 882 etque
341 798 505 883 appellare
537 816 701 877 rvsuovu
735 798 865 864 virtutis
899 801 1139 866 venerationem
1172 821 1244 864 oum
1277 821 1350 864 sua-

207 905 347 970 vissimis
376 905 488 970 amieis
518 910 552 971 et
578 905 792 972 familian'bus
820 908 1073 992 communicare,
1097 929 1234 992 quorum
1257 928 1349 992 prae·
1405 981 1409 988 ¹

206 1012 311 1076 sentia
341 1011 465 1077 oouieio
494 1012 594 1078 istum
623 1031 668 1078 'ru
697 1014 843 1098 praeside
867 1014 1029 1080 illustrem
1059 1020 1253 1080 conventum
1271 1037 1349 1080 oon-

204 1119 356 1184 deooreri.
403 1118 495 1195 Quod
522 1120 651 1204 quidem
681 1139 838 1204 pergrave
868 1121 950 1185 mihi
983 1122 1137 1188 damnum
1170 1126 1207 1186 ut
1240 1122 1348 1207 aliquo

206 1226 303 1290 modo
322 1227 511 1292 resarcirem
531 1217 700 1314 meamque
719 1228 863 1292 absentis
882 1229 1073 1294 memoriam
1093 1251 1165 1294 cum
1187 1247 1258 1293 unu
1278 1233 1347 1294 turn

205 1337 256 1398 tot
282 1332 366 1397 uaris
397 1333 558 1418 capitibus
586 1335 842 1420 redintegrarem
870 1338 903 1399 et
925 1335 1041 1400 saltem
1070 1337 1116 1400 sio
1143 1357 1219 1420 pars
1243 1357 1347 1400 essem

204 1439 402 1504 laetissimae
432 1440 596 1505 societatis
632 1443 773 1526 vestrae,
800 1441 881 1507 haeo
910 1440 951 1506 ad
978 1459 1022 1506 us
1054 1441 1127 1506 misi
1161 1441 1201 1505 de
1229 1440 1301 1506 looo
1329 1463 1346 1506 e

204 1545 427 1612 communibus
446 1546 565 1612 litteris
584 1547 688 1631 petito
707 1569 810 1640 nuper
828 1548 1017 1632 perscripta
1054 1547 1142 1624 Quae
1166 1565 1237 1612 mm
1256 1569 1348 1613 sacra

115 1735 120 1742 ι
204 1658 312 1718 essent
335 1654 435 1719 etiam
457 1672 522 1718 nou
547 1658 749 1720 consecrata:
782 1672 853 1720 mm
882 1656 968 1720 enim
996 1658 1130 1749 accepta
1157 1655 1349 1738 referuntur,

205 1759 259 1845 qui
273 1783 339 1825 nou
353 1763 481 1826 tantum
496 1760 537 1827 ad
552 1762 765 1827 humanitatis
781 1761 888 1826 studia
903 1762 1020 1845 etipse
1040 1765 1073 1826 et
1091 1783 1150 1846 per
1168 1761 1348 1847 Reisigium

202 1885 299 1932 rvvu
323 1866 540 1950 Lobeokiique
567 1886 628 1932 rvr
652 1865 872 1952 Spitanarum,
897 1890 978 1952 quos
1003 1890 1074 1932 oum
1098 1871 1150 1932 tot
1173 1868 1249 1932 aliis
1268 1867 1346 1932 viris

203 1991 295 2038 svau
322 1977 417 2059 grata
439 1971 596 2038 Borussia
623 1971 811 2057 disciplinae
840 1973 949 2058 debet,
972 1973 1051 2038 olim
1074 1996 1126 2038 me
1150 1974 1347 2060 informaris,

202 2079 258 2144 sed
295 2079 395 2144 etiam
424 2078 555 2163 horum,
589 2102 671 2165 quaa
701 2080 743 2145 ed
778 2081 936 2146 comicum
970 2083 1132 2165 spectant,
1166 2080 1346 2146 studiorum

201 2208 284 2252 unus
313 2185 393 2251 milri
421 2186 484 2251 dux
513 2190 546 2251 st
573 2185 644 2252 sola
667 2191 796 2270 praeter
828 2185 972 2251 divinum
1000 2185 1149 2253 Britanni
1180 2187 1346 2273 ingenium

201 2294 256 2359 lux
286 2293 456 2358 exstiteris.
502 2293 625 2370 Quodsi
649 2315 720 2359 eam
751 2293 857 2377 ipsam
885 2315 1017 2379 operam
1046 2312 1156 2378 uvnu,
1188 2317 1253 2379 qua
1276 2299 1345 2360 tam

200 2400 401 2484 praeclaram
419 2401 506 2465 viam
526 2399 682 2484 stravisti,
706 2400 877 2483 aliquoties
896 2422 982 2464 nuno
1005 2401 1209 2485 impugnavi:
1232 2401 1265 2465 id
1288 2403 1345 2467 ubi

202 2512 287 2573 recte
315 2507 436 2590 feeer0,
466 2506 598 2573 minime
626 2506 738 2571 dubito
768 2507 845 2591 quin
868 2507 953 2573 idem
977 2512 1035 2572 aut
1057 2507 1181 2591 pridem
1204 2509 1274 2593 ipse
1297 2509 1344 2573 in-

199 2615 363 2681 tellexeris
395 2619 453 2680 aut
480 2635 592 2678 eorum
619 2613 806 2697 quaemihi
830 2613 994 2699 contigere
1026 2613 1260 2698 praesidiorum
1283 2639 1343 2681 usu

200 2722 274 2786 ilico
298 2719 527 2803 intellexissem
554 2719 611 2786 ubi
635 2720 741 2786 minus
764 2723 864 2803 reete,
886 2719 973 2785 haud
996 2723 1129 2805 gravate
1158 2720 1253 2786 liberi
1275 2721 1344 2787 lau·

200 2827 293 2892 dator
311 2827 378 2893 oris
398 2826 605 2892 condonabis.
641 2824 738 2912 Vale,
757 2826 925 2892 serissime
944 2824 1159 2911 Hennensis,
1181 2828 1231 2892 vir
1250 2828 1343 2894 laude

199 2956 272 3000 mea
294 2934 439 3019 qualibet
461 2934 577 2998 maior:
606 2937 797 3018 nostrasque
816 2933 951 3019 litteras,
976 2933 1062 3018 quod
1085 2955 1142 3017 per
1165 2938 1216 3000 tot
1238 2935 1343 3000 lustra

198 3041 320 3125 fecisti,
341 3063 407 3106 non
430 3040 573 3105 Dresdae
596 3044 738 3125 tantum,
762 3039 819 3106 ssd
842 3062 901 3126 per
922 3040 1079 3124 plurimos
1103 3061 1205 3105 anuos
1231 3061 1342 3126 regere

198 3168 310 3234 perge:
338 3167 436 3232 perge
459 3147 542 3211 bene
565 3147 645 3212 mihi
669 3147 766 3231 velle,
790 3150 823 3211 et
846 3148 874 3211 si
898 3147 953 3231 qui
972 3146 1212 3231 philologorum
1235 3147 1342 3231 auspi-

199 3259 271 3318 cato
308 3271 378 3319 svo
410 3253 629 3319 moderamine
661 3253 852 3320 laetantium
884 3252 964 3318 mihi
1002 3254 1082 3319 bene
1114 3254 1238 3340 volent,
1268 3275 1340 3319 meo

197 3361 342 3443 nomine,
365 3359 393 3426 si
416 3360 465 3424 fas
490 3362 540 3425 est
562 3364 683 3446 petere,
707 3361 822 3426 saluta.

287 3535 475 3602 scribebam
498 3538 632 3603 Bonnae
655 3538 684 3603 X
708 3535 794 3604 Knu.
818 3538 900 3603 Oor.
924 3562 951 3603 a.
976 3555 1299 3605 croroocoxxxxuu.
