3306 5070
497 431 795 480 oneroanmounu
818 433 890 479 uuo
914 419 1120 480 laumense.
1317 417 1380 481 717

238 574 457 660 intellegimus
487 595 506 638 a
533 575 626 640 vobis
649 575 685 638 in
708 579 867 658 tempore,
899 574 961 638 hoc
984 577 1034 638 est
1058 578 1133 638 onte
1156 573 1308 640 feriarum
1334 577 1382 640 in·

237 680 333 745 itium
357 701 623 764 communemque
646 680 837 764 discessum,
866 679 977 764 quales
1001 678 1129 744 futurae
1153 681 1220 746 sint
1243 683 1381 748 rescisci.

238 786 335 852 Illam
364 787 466 872 igitur
491 786 682 852 tarditatem
711 808 783 852 cum
810 785 880 850 iure
909 789 1017 851 vestro
1046 806 1142 870 saepe
1165 789 1270 870 questi
1295 789 1381 853 sitis:

238 894 334 960 nobis
362 893 491 979 quidem
519 892 726 957 uehementer
753 891 926 958 dolendum
954 895 1005 957 est
1028 891 1131 956 solam
1155 895 1379 978 conquerendi,

126 1039 134 1052 ·
239 1000 421 1086 corrigendi
453 1001 575 1064 nullam
607 1021 678 1064 esse
709 1002 906 1083 potestatem
938 998 1101 1082 relictam,
1133 999 1188 1083 qui
1215 999 1381 1066 nulladum

241 1129 320 1173 cura
343 1111 376 1172 et
400 1105 623 1190 meditatione,
644 1106 743 1171 nullis
767 1106 892 1170 artibus
916 1104 1126 1190 machinisve,
1150 1105 1242 1172 nulla
1265 1107 1380 1172 virium

241 1213 447 1278 contentione
475 1214 623 1298 quamvis
652 1213 809 1278 acerrima
839 1235 894 1278 eas
918 1234 1069 1296 superare
1093 1211 1300 1278 difficultates
1324 1236 1381 1299 po·

238 1317 410 1403 tuerimus,
437 1341 521 1404 quae
550 1341 621 1385 cum
650 1324 778 1403 apertas
808 1341 939 1386 caussas
968 1318 1091 1384 hebent
1114 1323 1184 1384 tum
1209 1343 1228 1384 a
1250 1325 1382 1387 nostrae

239 1425 352 1511 culpae
376 1426 548 1492 cuiuslibet
571 1427 796 1493 communione
818 1448 952 1510 prorsus
976 1427 1148 1493 seiunctas.
1194 1425 1283 1503 Quae
1307 1449 1380 1494 cum

239 1530 288 1596 ita
316 1531 397 1616 sint,
429 1555 528 1598 unum
558 1537 608 1597 est
636 1554 700 1617 quo
729 1537 762 1598 et
784 1555 841 1600 uos
869 1536 902 1598 et
927 1535 1057 1598 nosmet
1079 1532 1142 1617 ipsi
1165 1533 1382 1601 consolemur:

239 1638 325 1721 quod
347 1639 451 1704 levius
475 1641 513 1704 fit
535 1639 707 1724 patientia,
732 1639 884 1724 quicquid
906 1639 1067 1724 corrigere
1091 1643 1141 1704 eat
1164 1640 1265 1726 nefas.
1312 1640 1382 1718 Quo

239 1749 348 1810 autem
380 1767 439 1811 vos
472 1745 592 1810 diutius
625 1745 736 1812 fatalis
767 1747 945 1812 necessitas
977 1750 1103 1812 morata
1135 1748 1198 1830 est,
1231 1767 1269 1812 eo
1296 1768 1382 1816 nunc

239 1853 346 1918 minus
375 1874 484 1918 morae
512 1874 571 1918 nos
600 1853 856 1937 interponemus,
889 1852 944 1917 sed
973 1852 1072 1918 indici
1095 1852 1199 1918 indice
1223 1851 1382 1936 praefabi-

240 1980 321 2040 mur,
345 1958 401 2043 qui
418 1980 477 2024 nec
497 1979 682 2024 caussarum
702 1959 938 2044 expositionem
957 1958 1138 2023 uberiorem
1162 1981 1221 2024 nec
1241 1959 1380 2044 aliquem

241 2065 353 2129 florem
377 2065 534 2130 orationis
558 2087 635 2150 prae
660 2087 693 2129 se
716 2065 809 2130 ferat.

369 2417 405 2503 g)
429 2419 483 2483 Im
507 2419 747 2486 Prooemium
771 2421 835 2486 des
859 2419 1104 2485 Wintersem.
1131 2422 1257 2506 lantso

502 2559 556 2648 (de
579 2562 704 2627 cantico
728 2562 908 2629 Trinummi
930 2560 1125 2649 Plautinae).

328 2702 526 2768 Particulam
557 2703 722 2770 vobiscum
752 2705 1058 2771 communicavimus
1083 2704 1250 2790 amplioris
1273 2704 1382 2789 dispu-

239 2809 385 2893 tationis,
408 2831 506 2894 quam
530 2809 692 2894 integram
712 2833 892 2896 proponere
910 2833 969 2896 per
987 2813 1085 2878 aliam
1106 2813 1382 2899 opportunitatem

241 2901 456 2981 acidemicam
485 2917 674 3000 propediem
702 2918 822 2984 licebit.
868 2915 964 2984 Nunc
992 2919 1078 2984 enim
1102 2919 1279 2985 cavendum
1303 2923 1383 3002 erat,

242 3044 282 3087 ne
305 3023 402 3088 nimis
426 3045 483 3089 vos
507 3045 708 3088 moraremur
731 3024 772 3089 ad
796 3045 850 3089 aas
874 3028 1041 3108 tamquam
1065 3026 1245 3092 studiorum
1269 3027 1382 3110 epulas

241 3129 466 3212 festinaturos,
498 3151 578 3214 quas
606 3130 641 3194 in
665 3130 778 3214 quovis
802 3151 919 3215 genere
942 3131 1144 3216 largissimas
1167 3131 1259 3196 vobis
1284 3155 1382 3216 appo-

241 3236 322 3300 sitas
349 3236 482 3302 videtis:
515 3237 631 3321 quibus
660 3237 707 3302 ita
735 3237 885 3322 utemini,
916 3241 953 3304 ut
981 3242 1014 3303 et
1040 3237 1081 3302 ad
1109 3259 1166 3303 vos
1195 3238 1383 3322 pulcerrimi

241 3342 365 3408 fructus
388 3344 569 3410 redundent
588 3348 621 3408 et
638 3365 698 3410 nos
716 3345 882 3427 impensae
901 3343 995 3410 vobis
1014 3365 1131 3429 operae
1150 3365 1191 3408 ne
1210 3345 1384 3430 paeniteat.

241 3447 303 3514 Sed
331 3452 442 3514 tamen
468 3449 558 3535 prius
586 3472 684 3534 quam
712 3471 769 3516 sos
799 3450 905 3516 valere
933 3451 1076 3535 iubeam,
1107 3449 1189 3516 illud
1222 3452 1382 3536 agendum

242 3559 304 3641 est,
336 3557 424 3641 quod
457 3578 529 3622 cum
562 3558 625 3624 hoc
656 3557 880 3641 procamiandi
912 3556 1020 3624 officio
1054 3558 1208 3643 coniungi
1239 3580 1343 3643 nuper
1352 3559 1384 3642 *)

240 3662 364 3746 placuit
386 3685 452 3728 uon
472 3663 625 3729 mediocri
643 3666 680 3727 ut
698 3663 894 3730 arbitramur
913 3667 1021 3728 vestro
1040 3663 1186 3747 ipsorum
1205 3666 1384 3732 commodo.

241 3755 311 3846 Qui
344 3769 430 3835 enim
463 3769 556 3835 vobis
589 3771 707 3836 certius
745 3769 783 3834 de
821 3787 1053 3836 canunuluvn
1091 3787 1384 3857 ncnnnnssconvn,

241 3898 376 3962 quorum
409 3876 584 3961 quotannis
617 3877 708 3943 varia
739 3898 777 3942 ac
809 3877 979 3962 multiplex
1012 3879 1150 3944 materia
1180 3879 1385 3963 proponitur,

241 3985 367 4050 ratione
396 3987 493 4068 atque
521 3988 638 4049 eventu
666 3987 807 4069 constet,
834 3983 939 4048 visum
963 3987 1013 4048 est
1035 3984 1098 4050 hoc
1122 3985 1193 4050 loco
1216 3986 1383 4052 vobiscum

242 4089 488 4173 communicare,
513 4111 595 4173 quae
618 4110 692 4155 cum
715 4090 755 4156 de
778 4090 962 4156 novissimis
982 4091 1246 4156 contentionibus
1266 4093 1383 4156 vestris

242 4195 361 4280 singuli
395 4195 523 4260 ordines
556 4194 742 4262 iudicarunt
773 4201 843 4262 tum
876 4219 934 4264 vos
967 4201 1110 4262 tractare
1147 4218 1205 4281 per
1242 4198 1383 4282 proximi

242 4301 319 4365 anni
349 4301 491 4385 spatium
519 4301 691 4366 iusserunt.
736 4302 786 4368 Eo
814 4309 924 4370 autem
953 4325 1084 4368 munere
1108 4303 1188 4368 scire
1212 4325 1270 4369 vos
1293 4304 1383 4370 volu·

331 4529 356 4598 ⁴⁸)
377 4530 446 4601 [Das
464 4529 588 4600 geschab
607 4530 698 4583 auerst
718 4533 793 4585 1843.
833 4529 860 4585 O.
881 4531 937 4602 W.]
