3332 5074
295 386 360 450 456
588 400 848 450 anouaaouaus
872 401 919 448 na
944 400 1152 450 asrrosravs

295 545 446 611 iambicis
467 543 598 609 vocibus
617 544 719 626 licuit,
738 543 828 608 utin
847 545 1022 610 secundum
1041 545 1155 630 pedem
1175 546 1347 628 intrarent,
1370 545 1439 608 eius

295 653 425 738 quidem
452 652 602 716 licentiae
634 654 691 714 aut
722 673 900 736 numquam
932 657 990 717 aut
1021 675 1153 737 perraro
1187 651 1440 738 spondiacae

296 765 392 846 atque
425 757 699 842 anapaesticae
731 758 906 843 participes
940 759 1078 824 luerunt.
1123 759 1235 826 Etiam
1268 760 1365 827 aliam
1398 759 1440 826 ob

296 889 444 932 caussam
459 864 546 929 Tria.
561 865 627 930 594
641 865 751 949 paullo
771 869 846 930 ante
864 867 1062 931 removimus
1082 869 1126 950 [p.
1141 867 1229 948 454}
1267 867 1317 932 De
1336 872 1441 932 trans-

297 974 469 1060 positionis
506 973 699 1038 necessitate
731 993 826 1037 nemo
860 971 987 1037 dubitat
1023 995 1049 1038 e.
1077 996 1104 1038 o.
1131 995 1160 1038 v.
1188 975 1263 1038 451.
1295 975 1360 1040 458
1390 975 1439 1039 vel

296 1081 413 1147 Bacch.
437 1081 502 1145 213
528 1080 636 1160 [245]:

385 1223 532 1287 Meardm
555 1222 659 1286 renim
682 1244 733 1287 me
756 1223 886 1287 uduisse
910 1227 1080 1308 aequomst
1102 1223 1256 1290 drdiuem.

386 1329 460 1394 Nisi
484 1328 561 1414 quid
584 1351 635 1392 me
659 1329 749 1393 altrici
770 1330 830 1412 uis,
852 1330 976 1413 Philto,
1000 1329 1155 1414 respondi
1176 1332 1247 1397 tibi.

388 1434 472 1511 Quin
495 1439 531 1500 tri
550 1435 693 1517 primitia
715 1435 854 1500 salutem
877 1437 985 1502 reddis
1010 1439 1107 1522 quarn
1131 1437 1265 1525 dedirr)

300 1579 457 1656 Qualibus
482 1577 621 1642 sublatis
649 1579 875 1662 anapaesticae
900 1580 987 1644 vocis
1015 1581 1050 1645 in
1078 1581 1203 1645 duabus
1231 1581 1352 1646 fabulis
1381 1582 1444 1646 sin-

300 1687 413 1772 gulare
437 1686 617 1770 exemplum
642 1687 744 1749 restat
768 1685 883 1751 Bacch.
902 1688 967 1752 486
992 1688 1101 1772 [518]:

434 1828 518 1894 Tum
542 1831 641 1913 qudm
663 1829 764 1894 nihilo'
784 1829 858 1914 plus
903 1881 910 1894 .
957 1878 964 1894 .
1011 1881 1017 1894 .
1064 1882 1070 1894 .
1117 1881 1124 1896 .
1170 1883 1177 1895 .
1223 1882 1229 1894 .
1276 1854 1284 1894 :

178 2003 287 2043 cuxxu
301 1971 495 2057 spondiacus
514 1972 594 2037 item
618 1971 782 2057 singulare
807 1971 950 2037 eiusdem
974 1972 1102 2039 fabulae
1127 1997 1154 2037 v.
1178 1975 1243 2038 814
1268 1972 1375 2056 [853];
1445 1965 1460 1984 “

434 2112 522 2179 Scies
546 2113 631 2178 hadri
654 2114 753 2178 multi
772 2119 848 2197 post
889 2165 895 2178 .
942 2165 947 2178 .
995 2167 1001 2180 .
1048 2166 1054 2178 .
1101 2166 1107 2180 .
1155 2166 1161 2180 .
1208 2166 1214 2180 .
1260 2140 1267 2180 :

302 2280 383 2342 quae
413 2257 523 2322 nescio
554 2280 595 2322 an
626 2256 866 2322 excusationem
894 2259 935 2323 ab
965 2259 1105 2324 enelisi
1134 2259 1272 2344 quadam
1297 2261 1446 2323 accentus

301 2468 405 2538 secun,
429 2467 497 2523 satis
522 2467 705 2538 redarguitur.
742 2468 875 2537 Idemque
900 2468 934 2522 de
958 2469 1021 2522 aliis
1044 2467 1182 2524 similibus
1205 2469 1381 2524 sentiendum
1404 2471 1448 2523 est

302 2575 390 2628 pravo
412 2557 659 2627 grammaticorum
682 2556 775 2613 studio
798 2557 1011 2613 discriminatis:
1038 2577 1053 2614 e
1076 2576 1132 2627 quo
1151 2575 1252 2629 genere
1276 2575 1347 2628 erpo,
1367 2574 1448 2627 pone,

302 2647 414 2716 quanm
437 2649 508 2701 sunt
545 2645 587 2700 De
606 2646 736 2714 qualibus
754 2663 828 2717 quas
846 2647 1070 2718 praecipiuntur,
1094 2650 1143 2702 aut
1166 2646 1202 2704 ad
1221 2646 1318 2717 scripti
1336 2647 1447 2702 tantum

303 2737 434 2790 accentus
457 2751 696 2806 supervacaneum
719 2735 867 2792 artificium
891 2739 1022 2806 spectant
1044 2739 1094 2791 aut
1116 2753 1229 2806 prorsus
1252 2735 1357 2791 ficticia
1374 2739 1446 2792 suut.

305 2823 480 2894 Omninoque
504 2824 528 2879 si
551 2825 618 2893 quid
642 2841 676 2880 ex
698 2823 753 2893 ais,
775 2841 847 2893 quaa
875 2825 909 2880 de
928 2827 1093 2881 accentuum
1112 2825 1241 2881 doctriua
1258 2828 1367 2882 veteres
1384 2842 1446 2896 pro·

304 2913 409 2983 didere,
427 2914 551 2984 aliquam
570 2915 655 2969 hodie
674 2913 827 2970 utilitatem
846 2915 942 2984 habet,
960 2915 990 2968 id
1009 2915 1045 2970 ad
1063 2915 1203 2971 vocalium
1217 2915 1310 2985 potius
1324 2914 1447 2970 indolem

304 3002 348 3058 vel
374 3005 474 3058 natura
499 3003 645 3073 longarum
672 3004 716 3058 vel
742 3003 880 3074 positione
906 3005 1018 3060 demum
1043 3005 1242 3074 producturum
1267 3005 1390 3076 pertinet
1414 3003 1450 3058 ad

305 3094 435 3161 acutique
454 3095 483 3146 et
502 3091 672 3148 circumflexi
695 3092 844 3147 discrimen
869 3091 947 3147 illinc
973 3095 1083 3162 aptum,
1110 3109 1194 3162 quam
1217 3093 1252 3148 ad
1279 3092 1449 3162 syllabarum

305 3185 422 3237 accentu
451 3182 501 3260 aut
526 3181 717 3252 praeditarum
744 3183 794 3236 aut
821 3182 975 3236 carentium
1004 3181 1203 3238 diversitatem.
1248 3183 1292 3237 Ad
1320 3199 1450 3237 versuum

306 3274 402 3326 autem
425 3270 616 3326 faciendorum
639 3273 729 3326 artem
748 3270 839 3325 solnm
857 3271 911 3325 hoc
930 3270 1031 3340 valuit,
1054 3269 1159 3325 nullius
1182 3288 1295 3340 prorsus
1315 3271 1450 3326 momenti

305 3359 376 3415 illud
396 3363 447 3414 ast.

394 3449 421 3516 *)
438 3449 471 3502 ln
485 3447 575 3503 Milite
594 3464 705 3518 quoque
725 3450 754 3502 et
771 3447 912 3519 singulare
931 3450 975 3504 est
989 3451 1018 3505 et
1035 3449 1189 3506 sanissime
1207 3449 1339 3505 vitiosum
1358 3467 1450 3506 exem·

306 3538 385 3608 plum
405 3537 439 3606 ll,
458 3543 484 3605 6,
503 3543 549 3591 66:
581 3537 717 3592 Meruisse
744 3539 865 3606 equidem
892 3556 933 3592 me
959 3541 1118 3594 maxumam
1145 3540 1233 3606 fateor
1260 3541 1376 3606 radam,
1403 3538 1450 3593 ubi

308 3628 445 3682 necare
463 3643 503 3679 me
526 3626 646 3695 equidem
665 3627 723 3680 siue
743 3627 802 3681 ulla
820 3642 898 3681 mora
916 3627 1160 3696 transponendum.
1199 3629 1327 3683 Ceterum
1347 3627 1452 3697 simpli-

308 3711 389 3771 cibus'
404 3713 565 3785 spondiacis
584 3731 635 3769 sua
653 3716 752 3785 sponte
771 3715 946 3786 intellegitur
964 3733 1020 3771 non
1039 3715 1177 3783 suaviora,
1196 3717 1246 3772 sed
1263 3717 1347 3787 longe
1366 3716 1451 3771 etiam

308 3805 451 3875 asperiora
469 3821 530 3860 essa
543 3805 573 3859 in
586 3804 739 3875 spondeum
754 3805 912 3861 desinentia
925 3805 1054 3876 longiora
1068 3806 1217 3860 vocabula:
1236 3804 1265 3860 iu
1280 3823 1336 3875 quo
1350 3822 1452 3876 genere

308 3893 441 3950 vastitate
459 3910 510 3948 sua
527 3891 636 3963 insigne
655 3895 698 3948 est
715 3891 774 3947 Mil.
794 3893 815 3960 1,
836 3901 859 3960 1,
879 3899 926 3947 tl:
954 3895 993 3946 At
1012 3894 1167 3963 pc'ditotrta,
1190 3893 1265 3962 quod
1288 3911 1323 3949 ne
1341 3893 1453 3948 codices

308 3983 422 4053 quidem
446 3985 567 4037 tuentur.
593 4016 623 4026 -
651 3983 723 4036 Dum
750 3981 779 4037 in
804 3999 838 4037 eo
863 4001 925 4036 sum
950 3984 982 4036 ut
1007 3999 1025 4036 a
1048 3982 1213 4052 typothetae
1237 3983 1377 4038 erroribus
1399 3983 1453 4038 has

308 4073 435 4144 pagellas
459 4089 589 4142 purgem,
617 4088 678 4126 sero
701 4071 895 4127 animadverto
920 4071 1111 4140 imprudenter
1136 4071 1362 4141 praetermissum
1387 4089 1452 4127 ana-

309 4163 427 4234 paestici
446 4161 606 4230 exemplum
624 4161 699 4215 Tria.
718 4167 783 4215 397:
814 4161 902 4214 Miser
920 4163 954 4214 dn
972 4161 1064 4214 ariste
1081 4162 1125 4228 fit,
1149 4162 1253 4228 scirtius
1270 4161 1356 4216 πῦιίὶό
1374 4161 1453 4228 facit.

310 4252 390 4317 Quod
418 4267 588 4320 quamquam
616 4249 770 4305 consultius
797 4249 863 4304 duxi
890 4248 1003 4305 iuterim
1029 4265 1152 4317 servare,
1179 4253 1275 4305 tamen
1303 4249 1393 4306 fatcor
1420 4266 1453 4306 eo

310 4341 380 4395 mihi
403 4338 559 4408 suspectius
582 4353 641 4392 esse
665 4354 720 4405 quo
743 4335 854 4392 facilius
877 4355 896 4392 a
918 4339 1002 4408 poeta
1025 4338 1110 4394 scribi
1132 4339 1226 4410 potuit
1248 4339 1300 4394 Fa
1322 4343 1403 4394 aaa
1421 4357 1454 4393 en
1481 4398 1485 4404 ,

310 4430 403 4483 asim
430 4427 626 4499 [‘quamqnam
649 4445 704 4481 nou
728 4429 772 4480 est
794 4427 1016 4482 obliviscendum
1044 4429 1171 4484 maimo
1198 4429 1340 4482 veteribus
1367 4427 1453 4484 luisse

310 4533 362 4586 pro
382 4533 437 4570 uno
455 4518 594 4572 vocabulo
612 4515 822 4572 choriambico)
844 4517 956 4587 Trin.²].
