3302 5076
291 387 356 452 668
670 404 905 454 aaramrscmr
929 405 1055 453 sanan.

291 547 518 614 litterarum
550 546 703 612 libertate
735 547 909 614 coniuncta
940 550 1003 634 est,
1022 535 1232 633 ‘conspicitur
1263 553 1372 614 autem
1403 550 1439 614 in

290 654 393 736 libere
424 655 557 738 optione
585 653 816 739 magistrorum
846 655 902 740 qui
930 653 965 720 in
992 677 1111 722 vacuas
1138 655 1310 721 cathedras
1338 657 1439 722 maio·

289 782 361 826 rum
385 763 494 826 aetate
516 761 557 826 ab
581 761 662 844 ipsis
687 761 956 828 universitatibus
979 761 1029 826 vel
1059 761 1197 847 singulis
1220 783 1330 828 earnm
1354 762 1438 828 ordi·

289 867 384 932 nibus
408 866 660 934 asciscebentur:
684 889 846 934 unacum
870 868 939 934 iure
958 868 1177 935 intercedendi
1196 869 1437 955 recusandique,

290 973 318 1040 si
347 975 402 1059 qui
431 973 552 1040 invitae
580 974 787 1040 universitati
813 975 1070 1042 obtruderentur.
1116 975 1179 1042 Sed
1202 976 1264 1043 hoc
1287 976 1439 1063 attigisse

291 1081 372 1146 satis
395 1080 510 1166 habeo,
533 1085 647 1167 utpote
670 1082 757 1148 haud
780 1105 916 1148 vacuum
939 1081 1074 1148 invidia:
1096 1087 1202 1148 restat
1219 1082 1305 1148 enim
1323 1082 1357 1147 in
1375 1081 1439 1150 hoc

290 1207 421 1272 genere,
444 1188 530 1274 quod
553 1189 595 1254 ad
618 1187 869 1254 administrandi
892 1190 963 1254 iura
985 1190 1139 1275 pertinet,
1167 1189 1264 1276 longe
1292 1190 1438 1256 omnium

290 1295 522 1379 gravissimum
544 1295 641 1382 idque
663 1300 779 1362 nostre
802 1296 964 1362 sententie
982 1318 1094 1362 revera
1112 1297 1207 1362 triste
1226 1301 1261 1363 et
1277 1299 1438 1365 acerbum.

288 1401 421 1466 Etenim
453 1402 509 1486 qui
541 1407 710 1489 tamquam
741 1403 833 1469 nervi
865 1407 942 1469 sunt
973 1406 1006 1470 et
1031 1403 1155 1468 radices
1184 1402 1252 1469 eius
1282 1405 1438 1489 corporis,

293 1508 379 1591 quod
398 1507 541 1574 civitatis
559 1511 690 1575 nomine
714 1509 926 1595 appellamus,
948 1510 1078 1575 eosdem
1096 1514 1232 1594 apparet
1248 1531 1314 1576 non
1334 1511 1437 1576 mino·

292 1614 336 1679 ris
360 1616 517 1682 momenti
537 1637 633 1700 posse
657 1617 697 1682 ed
720 1619 869 1702 vegetem
892 1615 996 1682 vitem
1019 1638 1131 1682 samm
1154 1618 1437 1684 communitatium

294 1742 374 1805 esse,
397 1743 478 1806 quae
502 1745 574 1788 com
599 1724 740 1789 maxima
767 1723 826 1789 illa
854 1723 1008 1790 societate
1031 1724 1174 1788 humana
1197 1724 1304 1809 ipsum
1328 1746 1439 1808 corpo·

291 1850 363 1893 rum
386 1851 505 1896 nomen
529 1830 738 1916 participant.
774 1828 926 1916 Cogitare
950 1851 1002 1894 me
1026 1829 1217 1914 intellegitis
1241 1829 1279 1894 de
1303 1830 1437 1896 aerariis

292 1933 484 2020 rationibus,
508 1958 589 2023 quos
611 1959 729 2002 nervos
751 1959 822 2002 esse
845 1959 954 2002 rerum
977 1937 1190 2023 gerendarum
1210 1935 1321 2002 dicunt
1338 1935 1436 2001 veris·

291 2041 382 2106 sime.
426 2041 492 2108 Eas
520 2043 576 2128 qui
604 2067 624 2109 a
651 2043 732 2110 bene
760 2047 941 2129 temperata
967 2043 1014 2108 rei
1041 2043 1190 2128 publicae
1218 2046 1305 2107 recte
1332 2047 1437 2108 semet

291 2149 501 2232 gubernantis
539 2149 821 2216 administratione
859 2151 1028 2236 seiungere
1064 2150 1230 2234 instituat,
1267 2171 1307 2214 ne
1343 2149 1437 2214 illum

290 2253 387 2319 risuri
411 2255 512 2321 simus
536 2259 570 2322 et
593 2257 731 2342 ineptire
755 2257 923 2323 credituri:
953 2261 986 2321 et
1014 2260 1125 2322 tamen
1148 2279 1168 2320 a
1191 2257 1309 2322 summi
1333 2256 1436 2343 magi·

291 2363 413 2427 stratus
444 2361 619 2428 academici
650 2362 766 2429 officiis
797 2363 838 2428 ad
868 2362 1159 2429 administrandam
1191 2362 1437 2429 universitatem

294 2468 516 2552 spectantibus
537 2471 616 2536 adeo
636 2474 809 2557 segregate
827 2492 913 2537 nunc
931 2474 982 2536 est
1000 2469 1173 2536 academici
1192 2470 1336 2535 aerarii
1359 2492 1438 2536 cura

293 2576 509 2660 quaelibet,
538 2580 663 2642 utnon
686 2577 782 2643 modo
806 2575 975 2642 consulere
1007 2580 1065 2641 aut
1095 2574 1280 2661 decernere,
1310 2576 1366 2642 sed
1395 2599 1436 2642 ne

292 2681 375 2746 scire
399 2682 530 2767 quidem
553 2683 726 2768 quicquam
750 2685 844 2750 eoin
868 2704 986 2770 genere
1010 2705 1047 2748 ac
1072 2684 1124 2748 vel
1149 2683 1249 2749 tacito
1275 2683 1343 2750 sive
1361 2706 1436 2769 pro·

291 2787 369 2853 bere
404 2789 471 2854 sive
499 2791 684 2875 improbare
712 2791 837 2856 licitum
861 2791 918 2875 sit,
946 2811 1057 2855 verum
1085 2789 1278 2854 densissima
1304 2811 1436 2857 arcano·

289 2917 361 2960 rum
384 2895 523 2981 caligine
551 2896 590 2962 iis
619 2896 713 2981 ipsis,
741 2917 879 2981 quorum
908 2895 1046 2961 maxime
1073 2897 1208 2961 interest
1236 2917 1303 2961 non
1326 2917 1436 2962 caecu-

290 3002 362 3087 tire,
394 3003 503 3068 omnie
526 3003 681 3070 obvoluta
709 3003 775 3069 sint
802 3007 835 3068 et
863 3001 972 3069 dedite
1001 3025 1100 3087 opere
1130 3002 1300 3069 occultata.
1346 3000 1436 3077 Quae

289 3131 387 3193 quam
410 3131 477 3176 non
500 3111 653 3176 salutaris
676 3109 821 3176 condicio
844 3110 897 3193 sit,
919 3131 984 3174 non
1007 3109 1128 3193 poterit
1150 3131 1215 3175 non
1239 3108 1437 3195 intellegere,

289 3217 355 3301 qui,
369 3221 526 3302 quantum
544 3217 596 3301 sit,
612 3217 698 3302 quod
714 3239 753 3282 ex
776 3216 847 3282 illo
866 3216 1075 3302 potissimum
1089 3216 1179 3282 fonte
1199 3215 1233 3280 in
1249 3216 1323 3300 ipsa
1336 3216 1436 3280 animi

290 3323 385 3406 bone,
408 3323 474 3389 vim
497 3324 672 3408 doctrinae,
689 3324 874 3389 litterarum
895 3323 1074 3409 commoda,
1095 3323 1251 3388 redundet
1270 3322 1436 3408 utilitatis,

290 3429 374 3513 apud
391 3451 425 3494 se
438 3431 652 3516 reputaverit:
666 3429 729 3497 hoc
743 3430 841 3496 estin
855 3451 892 3496 ea
908 3430 1002 3515 bona,
1012 3430 1129 3515 quibus
1143 3428 1297 3514 tutandis,
1312 3433 1435 3495 susten·

289 3536 408 3620 tendis,
422 3537 576 3619 augendis
588 3536 732 3603 eiusdem
745 3536 832 3602 illius
844 3537 1055 3622 magistratus
1068 3535 1243 3603 academici
1257 3539 1349 3601 extra
1363 3557 1437 3602 eon-

290 3643 483 3708 troversiam
498 3643 661 3709 destinata
675 3647 751 3710 sunt
770 3643 884 3709 officie.
908 3643 1057 3710 Breviter
1076 3648 1110 3710 et
1126 3643 1314 3709 summatim
1329 3642 1436 3708 decla·

289 3749 368 3833 ravi,
386 3771 442 3814 cur
461 3750 572 3835 paullo
591 3751 871 3836 magnificentiora
885 3787 926 3798 --
942 3754 980 3816 ut
993 3750 1035 3815 ab
1049 3750 1143 3816 initio
1158 3749 1380 3835 significa-bam
1391 3787 1432 3798 -

290 3856 412 3922 abhoc
435 3879 568 3922 munere
591 3861 624 3922 et
645 3858 734 3943 posci
757 3861 791 3922 et
813 3856 993 3942 exspectari
1017 3856 1096 3922 mihi
1120 3857 1314 3942 viderentur,
1337 3879 1434 3943 quam

290 3963 408 4048 quibus
427 3965 516 4031 omni
535 3987 573 4029 ex
591 3967 684 4048 parte
703 3963 868 4048 explendis
887 3963 1062 4030 hodiernae
1078 3963 1276 4029 condicionis
1291 3965 1436 4030 tenuitas

290 4091 351 4158 par
376 4076 470 4137 esset
513 4070 620 4157 Igitur
647 4071 724 4136 dum
755 4071 891 4136 laetiora
918 4091 1101 4154 speramus,
1128 4074 1165 4136 ut
1189 4093 1275 4136 nuno
1297 4093 1349 4136 res
1376 4076 1437 4155 est,

290 4178 411 4244 rectius
434 4177 616 4243 voluntas
644 4176 830 4260 spondetur,
859 4198 956 4262 quam
983 4177 1160 4243 facinora
1186 4179 1435 4261 promittuntur:

291 4284 346 4350 sed
370 4305 526 4368 operam
549 4305 601 4349 me
625 4283 786 4368 daturum,
809 4287 845 4348 ut
867 4284 1089 4349 universitatis
1109 4284 1289 4368 commoda,
1307 4285 1435 4369 patriae

291 4390 393 4474 selus,
425 4391 608 4456 litterarum
637 4391 697 4455 dos
726 4394 920 4476 augerentur
952 4395 985 4456 et
1017 4390 1304 4475 amplificarentur,
1337 4391 1369 4455 id
1402 4394 1436 4455 et

292 4496 385 4579 potui
405 4496 498 4562 salva
517 4497 577 4560 lide
596 4496 744 4562 adiurare
759 4501 793 4562 et
807 4497 894 4563 omni
908 4496 1147 4563 asseveratione
1161 4496 1279 4561 iterum
1298 4497 1436 4563 affirmo.
