3338 5072
213 423 218 436 ·
334 395 399 460 334
620 411 881 462 raorrnaonnnn
905 415 952 462 oa
977 413 1189 463 narronnsvs

335 558 441 643 ampla
464 557 505 622 ab
524 557 654 624 Handio
677 560 807 643 prolata
829 560 971 638 breviter
993 581 1178 646 persequar.
1208 557 1253 623 Et
1271 558 1389 623 Persae
1407 557 1476 642 qui-

334 665 407 729 dem
429 663 486 748 IV,
508 668 545 749 4,
568 667 609 731 87
639 666 775 748 epoidor
803 667 845 732 ab
869 665 1087 733 Ambrosiano
1110 666 1195 731 libro
1218 685 1352 750 prorsus
1376 665 1478 748 abest,

332 795 392 857 pro
422 773 576 858 contiguo
606 777 716 837 eutem
748 773 870 838 miseret
899 776 1023 858 septem
1055 774 1236 838 litterarum
1269 774 1375 857 spatia
1403 777 1479 836 sunt

334 901 406 943 oum
430 897 474 944 nr
499 879 641 964 syllaba:
664 879 748 944 unde
771 881 819 946 sio
843 902 955 946 versus
978 879 1211 946 restituendus:

423 1005 474 1086 ita
506 1021 538 1084 di
571 1021 654 1087 bene
685 1044 736 1089 me
769 1023 891 1108 amint,
924 1024 1100 1109 sapienter:
1133 1026 1231 1107 atque
1264 1044 1315 1088 me
1345 1023 1478 1087 miseret

1186 1133 1305 1196 tamen.

335 1270 438 1336 Stichi
462 1270 504 1354 ΙΙ,
527 1272 562 1356 2,
585 1272 606 1336 5
634 1295 672 1338 ex
701 1272 814 1339 eodem
837 1273 922 1338 libro
945 1295 1005 1358 pro
1028 1273 1164 1356 martion
1187 1272 1407 1357 recipiendum
1431 1291 1479 1334 ore

333 1379 470 1460 quietern,
493 1379 617 1464 reliqua
640 1381 686 1444 sio
709 1378 981 1445 reconcinnanda:

422 1519 508 1586 Nam
533 1543 584 1585 me
607 1519 737 1606 quidem
760 1522 936 1587 miserebat
960 1523 1088 1588 harum:
1111 1505 1201 1608 Ergo
1224 1522 1379 1588 auxilinm
1403 1521 1474 1606 prt-

1152 1655 1154 1658 ·
1185 1650 1261 1714 pere
1284 1631 1429 1694 latumst.

335 1769 442 1854 Atque
466 1769 565 1834 etiam
585 1769 640 1834 ubi
660 1771 737 1836 licet
755 1773 890 1854 Quidem
908 1795 981 1838 eum
1001 1773 1107 1858 prima
1124 1795 1264 1857 persona
1282 1777 1478 1852 construere,

321 1881 444 1944 ¹tamen
466 1898 531 1941 non
557 1899 631 1942 raro
653 1879 775 1960 paidom
806 1880 961 1945 substitui
991 1880 1116 1945 codices
1140 1879 1268 1963 iubent,
1301 1885 1337 1943 ut
1361 1879 1477 1944 Persae

333 1982 380 2068 ΙΙ,
406 1985 433 2068 l,
456 1985 496 2048 4:

423 2125 475 2190 Me
504 2116 634 2209 quidem
663 2127 729 2192 iam
759 2131 811 2192 sat
837 2127 897 2192 tibi
927 2129 1107 2213 spiotatam
1138 2130 1309 2220 censebam
1340 2149 1410 2192 esse
1440 2130 1473 2192 et

1187 2257 1276 2300 meos
1300 2237 1420 2298 mores:

334 2375 391 2440 ubi
414 2377 505 2456 [ono]
530 2395 577 2440 me
598 2378 719 2459 portion
742 2378 773 2442 A
807 2377 872 2461 (cui
906 2378 1102 2462 reliquorum
1136 2396 1263 2461 quoqne
1295 2373 1478 2439 emendatio

333 2481 495 2568 debetur),
527 2485 652 2564 [renoba
675 2485 811 2565 mellan
835 2483 984 2548 Palatini.
1031 2481 1220 2548 Aululariae
1244 2487 1354 2547 autem
1378 2481 1425 2563 ΙΙ,
1452 2481 1478 2563 1,

337 2588 377 2653 18
401 2609 460 2653 nec
483 2590 605 2670 porilem
628 2611 687 2654 neo
711 2589 814 2654 solum
838 2589 975 2670 quidem
998 2591 1049 2652 est
1071 2587 1105 2652 in
1129 2587 1237 2672 libris,
1271 2588 1326 2652 ssd
1349 2591 1478 2673 praeter

334 2716 445 2760 versus
474 2697 632 2762 rationem
662 2702 689 2760 te
716 2694 866 2777 equidem:
900 2694 955 2759 ubi
979 2716 1043 2779 quo
1067 2695 1149 2760 vitio
1172 2699 1212 2774 te,
1243 2695 1354 2760 eodem
1379 2695 1478 2759 etiam

333 2803 518 2885 proximum
541 2824 557 2869 e
578 2801 670 2867 illabi
693 2801 813 2885 potuit,
840 2800 926 2884 quod
954 2801 1035 2866 adeo
1059 2803 1173 2867 abesse
1196 2801 1238 2866 ab
1263 2800 1336 2866 aliis
1360 2801 1478 2867 codici·

334 2910 394 2975 bns
418 2909 488 2994 ipse
511 2909 661 2975 Handins
684 2907 776 2973 dicit:

207 3080 333 3120 nxxrnr
424 3050 486 3118 Tu:
514 3049 604 3116 'hine
628 3052 691 3116 ais:
721 3049 754 3116 si
779 3053 880 3138 negas
904 3073 1001 3137 nego:
1029 3051 1131 3118 Decet
1154 3051 1283 3137 quidem
1307 3074 1384 3117 uera
1407 3053 1479 3136 pro-

1188 3159 1286 3242 loqui.

333 3303 362 3367 A
387 3307 491 3367 metro
514 3302 689 3387 trisyllaba
712 3301 819 3368 forma
842 3302 1005 3386 respuitur
1028 3302 1126 3366 etiam
1149 3300 1267 3366 Persae
1291 3298 1347 3384 IV,
1370 3301 1400 3384 3,
1425 3301 1475 3384 76,

335 3409 390 3474 ubi
420 3411 457 3474 e'a
482 3412 524 3490 [et
546 3411 580 3475 in
602 3409 691 3489 edit]
715 3410 837 3491 poldon
859 3409 962 3490 edepol
985 3407 1136 3472 liberabat
1158 3407 1376 3472 scribendum:
1400 3409 1476 3472 item

334 3516 418 3583 Men.
441 3515 482 3600 ΙΙ,
506 3519 536 3600 2,
560 3517 611 3583 35.
648 3515 707 3599 ΙΠ,
731 3515 761 3599 3,
784 3517 835 3580 27.
874 3514 956 3580 Rud.
980 3513 1039 3600 ΙΙΙ,
1062 3514 1091 3597 5,
1115 3516 1171 3580 47:

445 3658 573 3725 Insiluit
595 3658 648 3722 hio
671 3655 801 3741 quidem
825 3656 879 3740 qui
902 3653 973 3740 ipae
997 3655 1163 3722 maledicit
1186 3656 1260 3721 sibi.

446 3765 487 3830 Di
511 3766 563 3831 me'
585 3762 714 3849 quidem
738 3784 850 3827 omnes
875 3761 1032 3828 adiuuant
1054 3764 1175 3846 augent
1198 3767 1318 3827 amant.

445 3872 535 3940 Haeo
558 3861 686 3957 quidem
716 3869 883 3934 Palaestra
907 3873 988 3954 quae'
1011 3868 1179 3954 respondit
1201 3870 1266 3933 ndn
1289 3874 1404 3936 meast

334 4015 541 4100 Asperrimos
574 4035 725 4078 numeros
758 4011 861 4076 eiecto
893 4013 1029 4093 equidm
1062 4011 1269 4077 Hermannus
1302 4013 1479 4097 perpolivit

336 4121 531 4188 Bacchidem
554 4143 584 4186 v.
606 4120 672 4185 934
698 4119 805 4200 [974];

446 4263 684 4347 Quadrigrintos
722 4261 806 4325 filios
843 4259 955 4344 habet,
992 4265 1088 4345 arque
1126 4260 1232 4325 omnis
1268 4261 1370 4325 lectos
1406 4255 1475 4322 sine

1186 4367 1319 4452 probro:

337 4512 452 4596 quibus
471 4513 602 4592 quidone,
626 4533 691 4575 non
709 4511 855 4592 squirion,
879 4510 920 4575 ab
944 4512 1119 4595 interprete
1143 4509 1328 4594 ascriptum.
1361 4507 1479 4572 Persae
