3338 5072
544 451 807 500 auunnnmorus
831 451 1040 500 anarrinon.
1298 439 1363 504 373

219 595 303 660 albos
325 595 454 680 quidem
479 594 529 661 vel
552 595 667 661 nullas.
699 593 804 660 Multo
827 594 934 660 minus
958 596 1034 662 lieet
1056 597 1098 662 ab
1122 597 1184 663 isse
1201 598 1362 682 proficisci

220 703 260 767 ad
278 701 375 787 pisse,
398 703 501 780 inlesit,
525 703 643 768 dedisse
664 701 880 786 defendenda,
903 706 960 768 aut
983 703 1063 768 adeo
1086 702 1125 767 de
1148 705 1304 789 correptis
1326 706 1362 786 ff,

219 829 296 888 mm,
318 829 376 893 aa,
393 830 448 892 pp,
470 831 514 889 rr,
538 809 702 875 alitteris
725 810 870 895 cogitare
894 808 972 894 (nisi
996 809 1082 894 quod
1107 814 1139 874 et
1163 811 1361 896 singularem

219 919 252 982 et
279 919 482 981 constantem
510 915 670 982 rationem
699 939 769 982 esse
792 915 937 1000 Philippi
960 916 1011 982 rel
1034 915 1199 1000 Philippei
1220 917 1361 982 nominis

219 1021 375 1107 constat):
412 1023 560 1107 quamvis
588 1022 703 1088 talium
731 1021 820 1087 ferax
849 1020 1037 1088 Schneideri
1064 1045 1094 1106 p.
1119 1023 1188 1114 736
1198 1045 1266 1108 sqq.
1289 1023 1361 1094 doc·

219 1129 307 1195 trina
330 1130 479 1215 evaserit,
501 1134 538 1195 ut
560 1131 693 1195 domtus
710 1129 858 1194 cirraboai
875 1129 1001 1194 donuae
1019 1129 1128 1212 affinis
1151 1129 1263 1195 formis
1287 1152 1361 1215 pro·

218 1237 314 1328 batis,
338 1236 509 1321 deditaque
533 1234 612 1300 adeo
638 1256 736 1319 opera
758 1237 873 1318 sopita
890 1234 1136 1320 Kampmannus
1155 1235 1194 1301 de
1212 1237 1278 1302 reb.
1293 1237 1359 1302 mil.

217 1343 265 1407 Pl.
288 1366 318 1427 p.
338 1343 380 1408 36
408 1342 587 1408 defenderit
609 1341 644 1406 in
667 1363 704 1407 eo
728 1363 821 1410 versu
847 1341 979 1428 (Persae
1001 1341 1026 1427 Ι,
1048 1345 1075 1427 1,
1094 1340 1164 1428 25),
1188 1345 1239 1409 eui
1263 1345 1358 1410 unius

220 1452 365 1536 syllabae
389 1450 643 1536 transpositione
667 1450 753 1515 iusta
776 1471 926 1515 mensura
950 1450 1154 1515 restituatur:

350 1627 479 1714 Sagitta
507 1651 562 1695 eor
590 1626 714 1713 Cupido
743 1650 850 1694 meum
876 1626 1052 1694 transfixit.
1098 1611 1167 1694 lam
1196 1629 1282 1694 serui
1305 1627 1359 1694 hio
1373 1653 1473 1696 oxxrv

1067 1736 1202 1802 amant?

217 1937 411 2001 quamquam
435 1915 563 1982 facilius
587 1916 686 1982 etiam
711 1920 744 1981 et
766 1915 893 1981 numeri
916 1920 949 1982 et
972 1935 1078 1979 sermo
1103 1913 1149 1979 sio
1166 1915 1358 1999 procedant:

214 2021 337 2107 Sapido
360 2023 438 2088 mibi
461 2021 579 2105 Orapido
603 2044 654 2088 cor
677 2023 847 2104 bansfflait.
884 2021 972 2107 Ergo
996 2022 1097 2107 igitur
1121 2021 1189 2086 sine
1213 2022 1281 2086 ulla
1303 2022 1358 2087 du-

215 2129 374 2195 bitatione
406 2129 651 2215 transponenda
683 2133 776 2194 erant
808 2151 836 2194 v.
861 2128 927 2194 385
957 2130 1011 2194 seu
1040 2128 1117 2193 odda
1147 2129 1191 2192 ad
1218 2129 1357 2213 saldorf)

201 2223 283 2301 'Nee
307 2237 476 2321 quiequam
500 2235 653 2321 praesidii
682 2258 720 2299 ex
750 2235 850 2300 doram
873 2234 973 2299 habet
996 2233 1113 2298 vitiosa
1135 2234 1288 2318 prosodia
1310 2235 1357 2301 cie·

215 2343 318 2408 dambe
339 2343 489 2423 iconam
521 2344 572 2408 vel
602 2366 630 2407 v.
654 2342 720 2407 964
743 2342 824 2424 qao'd
844 2338 1063 2428 ἄεοεριζςΐί**),
1094 2340 1128 2404 in
1150 2343 1233 2424 qaod
1253 2347 1288 2406 ta
1309 2363 1357 2408 ao-

213 2451 305 2532 sepeli
327 2451 460 2516 anobis
480 2439 643 2516 mutatum
663 2451 733 2535 ipso
748 2447 965 2515 Ambrosiano
989 2449 1078 2534 duee,
1102 2471 1197 2534 quern
1221 2449 1299 2515 alibi
1323 2455 1357 2514 tu

213 2557 294 2622 dati
309 2579 368 2641 pro
382 2558 491 2623 danti
504 2559 670 2640 praestare
683 2579 714 2640 p.
724 2573 807 2620 Lxrv
823 2556 916 2637 [323]
931 2555 1079 2621 vidimus.
1103 2555 1235 2620 Praeter
1249 2557 1357 2621 oetera

214 2664 395 2748 comparari
418 2685 514 2748 posse
537 2684 610 2728 eum
634 2664 733 2728 taam
755 2663 882 2728 videtur
906 2666 1090 2748 correptum
1117 2664 1153 2728 ia
1174 2663 1288 2728 naua
1308 2665 1356 2726 ia

212 2771 293 2836 aee
317 2794 344 2835 v.
368 2771 434 2836 664
457 2775 490 2836 et
512 2770 595 2836 aaliz
616 2792 668 2854 epo
690 2773 726 2835 a‘a
748 2769 858 2836 deaalb
881 2768 970 2852 apere
991 2771 1069 2835 soleo
1092 2792 1121 2834 v.
1146 2770 1225 2852 712,
1248 2768 1304 2834 aed
1328 2769 1356 2834 si
1481 2833 1483 2842 ,

214 2876 289 2962 quid
314 2877 405 2942 video
425 2876 552 2942 videtur
570 2880 707 2942 tentum.
741 2875 816 2942 Non
839 2875 931 2960 qnod'
947 2874 1091 2941 tollenda
1114 2897 1185 2941 esse
1209 2875 1356 2960 exempla

212 2986 324 3067 putem
350 2981 511 3070 (quamvis
539 2983 628 3048 facili
656 2982 787 3068 negotio
812 2983 845 3048 in
868 2982 999 3074 illorum
1021 2982 1200 3066 posteriore
1223 2981 1355 3066 opem)

213 3088 386 3176 deleatur):
419 3090 475 3156 sed
503 3090 602 3176 quod,
633 3090 697 3155 nisi
725 3111 798 3154 mea
825 3111 877 3156 me
905 3090 1089 3155 coniectura
1116 3088 1216 3173 fallit,
1248 3088 1354 3173 ipsam

212 3198 358 3263 ocultus
379 3197 520 3264 formam
543 3196 683 3282 simplici
705 3217 721 3262 o
742 3194 854 3263 littera
877 3199 910 3262 et
932 3197 1175 3281 pronuntiatam
1199 3199 1233 3260 et
1255 3195 1354 3279 sarip-

212 3307 281 3368 tam
304 3305 483 3390 antiquitas
505 3304 666 3389 probavit,
690 3303 961 3389 quemadmodum
984 3303 1018 3367 in
1040 3303 1161 3386 aperire
1184 3307 1217 3368 et
1239 3305 1355 3385 operire
1402 3293 1404 3298 ’

212 3411 336 3494 verbis,
359 3432 440 3497 quae
464 3431 534 3476 esse
557 3411 739 3494 composita
761 3411 833 3494 ipsa
855 3409 1024 3476 notionum
1047 3410 1208 3495 oppositio
1232 3411 1355 3494 doceat,

211 3517 292 3582 item
320 3518 438 3584 extrita
465 3521 515 3582 est
542 3539 607 3583 una
634 3517 752 3583 littera.
799 3516 887 3594 Quae
915 3516 1100 3582 coniectura
1125 3517 1267 3601 primunr
1290 3516 1353 3583 De-

213 3622 331 3687 ourtati
351 3608 512 3708 scriptura
531 3624 775 3690 commendatur
792 3627 930 3708 utroque
944 3622 1125 3688 Trinummi
1143 3645 1237 3690 versu
1256 3624 1353 3690 oculto

213 3729 415 3814 exhibentis,
456 3731 559 3796 multo
602 3735 711 3796 autem
753 3731 872 3796 certius
909 3751 947 3795 eo
984 3730 1150 3816 firmatur,
1191 3730 1277 3816 quod
1312 3749 1354 3797 ΙΝ

317 3995 343 4063 *)
363 3992 417 4066 [Oi.
436 3995 530 4051 annot.
550 3993 579 4048 in
598 3995 640 4050 sd.
659 3994 723 4066 alt]

299 4100 341 4172 **)
362 4101 460 4174 [Ὦιιόᾱ
473 4095 603 4172 ἅοοιρίειί
620 4100 798 4159 tolerandum
817 4120 878 4159 esse
897 4103 954 4160 iarn
972 4104 1032 4158 tum
1051 4101 1177 4158 intellexi
1191 4119 1255 4157 oum
1269 4101 1352 4159 bloet.

211 4196 263 4245 308
286 4192 336 4261 cipe
358 4185 485 4246 &cumbe
507 4190 592 4258 atque
616 4188 674 4244 alia
695 4189 765 4245 alibi
788 4190 892 4246 similia
914 4191 1021 4247 intaeta
1039 4189 1164 4259 reliqni.’
1185 4189 1275 4247 Τιίιι.1
1310 4191 1352 4247 De

211 4279 328 4348 aceepsts'
345 4279 435 4333 forma
452 4275 633 4348 improbabili
652 4278 686 4334 of.
706 4277 780 4335 infra
797 4297 824 4350 p.
845 4279 956 4350 ooxva]

281 4383 339 4455 ⁸¹⁸⁸)
365 4384 468 4457 [Versu
492 4391 543 4440 '112
572 4387 700 4456 correpta
722 4385 963 4456 antepaenultima
989 4401 1024 4440 ne
1052 4401 1121 4456 opus
1149 4385 1262 4456 quidem
1292 4403 1352 4443 essa

211 4473 325 4544 (nedum
343 4473 438 4530 deleta
454 4490 501 4544 epo
519 4477 598 4543 vooe)
621 4473 792 4530 Ritsohelius
814 4473 843 4529 in
862 4475 905 4532 ed.
925 4474 974 4530 alt
993 4475 1103 4544 monet,
1122 4474 1145 4529 si
1164 4473 1290 4530 Reiaium
1309 4491 1352 4531 se-

210 4579 297 4631 quare
316 4563 356 4618 sie
374 4563 552 4619 metientem:
571 4563 625 4617 Ne'l
642 4577 688 4633 epo
706 4563 738 4617 ia
756 4563 880 4634 danaim]
