3332 5074
298 375 363 440 446
586 389 846 440 Pronnaoumra
871 389 917 438 un
942 389 1151 439 almorusvs

299 558 372 601 cum
395 535 597 620 longioribus
622 557 703 619 quae
726 536 759 601 in
782 557 838 601 eos
861 535 959 620 pedes
978 532 1108 620 exeunt)
1127 539 1317 599 acuerentur
1339 535 1374 599 in
1396 536 1442 599 ul·

298 643 379 707 tima
403 642 540 725 syllaba:
573 663 655 726 quae
681 643 792 708 omnia
816 664 890 707 eum
916 646 974 707 aut
998 645 1200 726 paroxytona
1230 646 1286 705 aut
1309 662 1442 724 propar-

299 754 440 832 oxytona
467 749 599 830 inipso
625 748 739 834 lingua
768 749 905 834 fuerint,
937 771 977 814 ne
1005 769 1118 814 versus
1146 748 1276 833 quidem
1299 747 1362 812 nisi
1385 747 1443 812 illa

299 855 485 920 condicione
514 875 585 919 esse
614 860 757 938 oxytone
780 877 897 939 passus
921 858 984 939 est,
1012 859 1049 920 ut
1070 854 1239 940 neglectae
1262 855 1328 938 legi
1351 875 1443 918 excu-

300 961 383 1026 satio
412 983 429 1024 e
457 982 611 1026 concessa
636 962 718 1046 legis
748 962 951 1046 neglectione
979 967 1094 1046 parete
1122 965 1217 1026 esset
1264 959 1317 1025 Sic
1345 961 1443 1045 igitur

299 1068 406 1132 evenit
428 1073 466 1132 ut
487 1089 554 1132 non
572 1067 835 1152 improbarentur
857 1068 893 1132 hi
917 1090 1068 1134 versuum
1093 1069 1207 1152 exitus,
1230 1068 1373 1153 qualium
1397 1067 1442 1130 in·

299 1174 484 1240 credibilem
508 1197 578 1239 esse
602 1175 844 1240 multitudinem
867 1179 1008 1240 constat:

395 1332 1002 1346 ..........
1055 1283 1173 1347 maldrn
1197 1303 1324 1347 crucem

396 1439 1001 1454 ..........
1054 1393 1160 1455 more's
1183 1390 1261 1454 mali

396 1546 1004 1560 ..........
1058 1498 1202 1562 animum
1226 1517 1332 1561 meum

395 1653 1001 1667 ..........
1055 1601 1190 1668 incuties
1215 1623 1348 1688 grauem

395 1759 1001 1774 ..........
1055 1709 1204 1796 fungaris
1226 1715 1319 1774 tuum

397 1867 1004 1882 ..........
1058 1816 1206 1883 decorari
1227 1817 1302 1882 uolo

396 1973 1002 1988 ..........
1056 1925 1228 1988 eudritiaim
1253 1945 1359 1987 meam

396 2081 1003 2094 ..........
1056 2031 1236 2096 reue‘nisse‘t
1258 2030 1389 2094 domum

396 2187 1001 2202 ..........
1055 2139 1237 2203 incdnsultd
1260 2159 1332 2202 meo
1425 2155 1429 2164 ·

397 2295 1002 2309 ..........
1056 2246 1312 2328 concrepuerunt
1333 2243 1420 2308 fores

396 2401 1001 2417 ..........
1054 2352 1284 2436 castigatorem
1306 2354 1399 2414 tuum

396 2509 1002 2525 ..........
1056 2459 1297 2543 recuperatores
1321 2458 1411 2524 dedit

302 2600 365 2666 Sed
388 2601 518 2686 longius
541 2601 639 2665 etiam
664 2601 805 2665 eiusdem
829 2601 878 2665 vis
906 2600 1042 2666 rationis
1066 2601 1186 2685 patuit,
1214 2601 1332 2686 quippe
1361 2622 1443 2686 quae

302 2708 401 2772 etiam
432 2707 472 2772 ad
501 2708 662 2772 tertium
693 2731 712 2772 a
742 2705 823 2772 fine
854 2707 1081 2780 vocabulum
1114 2707 1321 2790 pertinuerit:
1358 2705 1444 2791 quod

302 2817 480 2899 oxytonum
504 2835 574 2878 esse
598 2837 636 2878 ea
659 2813 848 2880 condicione
872 2813 993 2897 potuit,
1025 2819 1061 2878 ut
1083 2836 1103 2877 a
1126 2813 1211 2877 binis
1238 2813 1368 2879 vocibus
1392 2835 1443 2877 ex·

229 2922 464 3005 conciperetur
485 2923 565 2986 item
589 2925 702 2986 contra
725 2922 989 2987 consuetudinem
1008 2921 1139 3006 linguae
1158 2919 1318 3004 oxytonis.
1346 2917 1445 2984 Velut

302 3027 390 3093 Trin.
417 3029 488 3093 100.
515 3029 587 3096 186.
613 3028 683 3093 197.
708 3029 787 3094 800:

397 3221 1003 3236 ..........
1055 3172 1174 3236 uoednt
1196 3171 1283 3235 ciues
1306 3169 1355 3233 tui

398 3329 1004 3342 ..........
1058 3277 1161 3342 maltis
1185 3276 1288 3340 famis
1312 3275 1423 3340 ferunt

398 3435 1005 3450 ..........
1058 3385 1130 3449 mea
1152 3385 1239 3448 reete
1262 3384 1343 3448 facis

398 3541 1003 3556 ..........
1056 3487 1110 3555 uti
1130 3490 1213 3554 celes
1237 3489 1316 3574 face,

303 3635 336 3695 et
368 3631 402 3695 in
434 3631 649 3697 Bacchidibus
682 3633 769 3698 bouis
795 3634 902 3698 dicam
928 3634 1020 3712 uwle,
1056 3633 1162 3697 utrrtm
1189 3631 1310 3696 creddm
1337 3633 1445 3715 maffia,

302 3738 388 3802 molo
404 3739 478 3818 secr't
499 3759 567 3817 suo,
604 3740 653 3804 eor
673 3739 774 3804 seorim
795 3740 902 3818 sinaut,
938 3741 1027 3805 sinus
1053 3739 1192 3804 uostrcim
1219 3760 1332 3817 senua,
1370 3737 1445 3821 Opis

309 3845 415 3910 Varus
443 3846 557 3923 Venus,
589 3847 656 3912 med
676 3847 773 3930 pratri
793 3848 885 3926 mou,
911 3849 995 3912 uolet
1016 3851 1109 3912 sentit
1129 3848 1219 3928 sopit.
1266 3846 1444 3930 inquibus

303 3952 453 4018 omuibus
482 3955 568 4038 quod
596 3954 706 4019 eodem
731 3954 848 4040 pedum
873 3955 986 4018 ordine
1014 3953 1224 4038 spondiaca
1251 3975 1313 4018 vox
1338 3953 1445 4017 media

303 4065 353 4124 est
376 4061 461 4124 inter
484 4060 564 4126 duas
588 4061 753 4145 iambicas‚
777 4061 809 4126 id
832 4060 960 4145 quidem
985 4059 1112 4125 aliunde
1132 4080 1323 4144 suspensum
1343 4063 1394 4123 est
1412 4063 1445 4122 et

303 4169 467 4253 propriam
493 4169 654 4254 quandam
678 4190 824 4233 caussam
850 4190 941 4231 suam
964 4166 1071 4232 habet.
1101 4166 1188 4230 Nam
1211 4165 1297 4250 quod
1316 4165 1445 4251 egregie

303 4273 469 4340 Bentleius
493 4275 677 4341 observavit
700 4275 734 4339 in
757 4271 886 4338 Horatii
911 4271 1011 4337 Serm.
1034 4271 1080 4356 Π,
1104 4273 1135 4356 b,
1160 4273 1215 4356 79,
1243 4295 1351 4338 rarum
1375 4293 1445 4338 esse

303 4382 338 4444 in
368 4381 482 4464 quinto
512 4379 592 4463 pede
622 4381 743 4445 senarii
772 4379 917 4444 iambum
946 4401 1003 4462 pro
1032 4379 1189 4462 spondeo,
1220 4378 1253 4443 id
1276 4378 1445 4463 aliquanto

304 4487 487 4550 accuratius
511 4487 557 4550 sic
579 4485 764 4569 definimus,
791 4491 841 4568 ut,
868 4507 941 4550 eum
965 4485 999 4549 in
1023 4485 1212 4549 Trinummo
1237 4486 1354 4549 senarii
1379 4487 1448 4571 qui·
