3318 5072
296 416 361 479 522
585 431 846 479 raocacouuun
870 432 917 477 oa
942 430 1151 479 anrronravs

296 575 385 638 Idem
410 577 518 639 autern
542 574 621 638 illud
645 574 678 638 in
701 596 730 638 v.
754 574 877 658 269sq.
901 573 987 638 cadit
1011 573 1131 638 usitato
1160 573 1271 640 ordine
1295 597 1366 639 sese
1389 595 1441 638 ex·

295 681 467 765 cipientes:

455 811 488 876 Sl
500 824 596 876 umen
610 838 679 890 quos
694 821 810 876 miseros
825 820 949 891 [misere]
969 821 1097 889 maleque
1114 819 1220 876 habeas

455 909 531 976 Quos
567 909 620 964 tibi
652 909 787 966 obnoxios
819 909 924 980 [facile]
944 909 1075 980 secudu

226 1069 279 1110 coo
294 1038 344 1103 Ne
369 1039 444 1124 quid
474 1041 581 1103 antem
606 1038 818 1103 dubitationis
847 1037 927 1103 illud
951 1041 1082 1104 moveat
1104 1037 1191 1123 quod
1214 1038 1262 1104 ita
1284 1039 1439 1104 contrarii

269 1146 554 1238 'collocandorum
587 1167 739 1212 versuum
773 1145 901 1211 ordines
934 1146 1041 1211 locum
1074 1146 1226 1212 habuisse
1259 1145 1294 1209 in
1326 1145 1437 1211 eodem

293 1253 435 1318 carmine
463 1251 601 1336 putandi
630 1257 719 1332 supi:
754 1253 920 1318 sciendum
951 1256 1001 1316 est
1030 1275 1101 1318 eam
1125 1253 1231 1339 ipsam
1254 1253 1438 1319 inconstan-

293 1359 374 1425 tiam
398 1359 449 1425 vel
472 1363 658 1425 nostrorum
683 1359 828 1426 codicum
847 1361 994 1444 exemplo
1019 1359 1225 1426 manifestam
1245 1381 1327 1426 esse:
1351 1361 1436 1445 quod

294 1467 389 1550 quale
412 1466 544 1536 sitiam
568 1467 791 1550 explicandum
816 1489 885 1532 esse
909 1467 1002 1532 video
1026 1467 1216 1532 accuratius.

380 1570 468 1637 Nam
496 1577 534 1638 ut
561 1573 708 1638 codicum
732 1595 807 1638 mss.
830 1575 865 1638 in
887 1574 950 1640 hoc
974 1595 1103 1660 genere,
1132 1574 1218 1660 quod
1241 1574 1281 1639 ad
1309 1575 1437 1641 liberio-

292 1701 365 1743 rum
389 1683 565 1745 metrorum
588 1681 830 1765 discriptionem
854 1685 992 1766 spectat,
1020 1705 1086 1747 non
1114 1681 1156 1747 sit
1180 1703 1307 1746 summa
1329 1686 1437 1746 aucto·

291 1785 389 1870 ritas,
422 1789 532 1851 tamen
563 1788 666 1853 multo
698 1787 796 1852 etiam
828 1787 934 1854 minus
966 1787 1123 1853 credenda
1155 1791 1205 1852 est
1237 1788 1325 1852 nulla
1357 1809 1437 1854 esse.

291 1890 340 1958 De
363 1893 581 1959 Ambrosiano
606 1899 639 1959 et
661 1894 771 1960 Veteri
790 1893 939 1960 Palatino
958 1895 992 1960 B
1010 1895 1139 1979 loquor:
1162 1916 1238 1959 nam
1257 1898 1436 1960 ceterorum

292 2000 437 2064 omnium
465 2001 530 2066 iam
560 2024 657 2086 supra
684 2002 750 2066 dixi
778 2023 982 2067 communem
1012 2025 1082 2066 esse
1110 2001 1377 2068 honorationem
1399 2007 1437 2068 ut

291 2128 422 2190 prorsus
452 2108 582 2174 sublata
610 2108 813 2194 singulorum
841 2131 994 2172 versuum
1021 2107 1229 2173 distinctione
1253 2109 1291 2173 od
1321 2131 1436 2192 prosae

292 2215 448 2279 orationis
477 2215 617 2300 speciem
646 2217 757 2281 omnia
790 2216 989 2281 continuent.
1036 2214 1098 2282 Sed
1125 2215 1157 2280 A
1185 2221 1218 2280 et
1245 2217 1279 2280 B
1309 2217 1371 2282 etsi
1402 2218 1436 2281 in

291 2318 473 2386 Trinummi
496 2323 623 2388 cantico
648 2346 667 2387 a
691 2345 789 2388 manu
811 2326 928 2407 poetae
951 2343 992 2387 ne
1012 2323 1074 2407 ipsi
1094 2322 1222 2408 quidem
1243 2345 1307 2390 non
1327 2324 1435 2409 aliquo

291 2427 465 2493 intervallo
484 2429 616 2513 distant,
640 2433 749 2494 tamen
768 2431 872 2496 altera
891 2451 930 2494 ex
953 2435 1045 2514 parte
1069 2429 1201 2513 pristini
1224 2429 1346 2496 ordinis
1364 2432 1434 2514 plu·

291 2533 374 2597 rima
401 2535 541 2620 vestigia
569 2541 753 2621 servarunt,
781 2541 879 2622 atque
906 2538 985 2602 adeo
1014 2535 1182 2622 aliquanto
1210 2539 1304 2622 plura
1331 2539 1435 2617 Vetus

291 2663 387 2725 qnam
406 2641 652 2710 Ambrosianus.
690 2642 790 2710 (iuius
809 2649 920 2709 tamen
938 2644 1022 2710 ratio
1042 2643 1277 2729 discrepantiae
1296 2647 1432 2730 plerum·

290 2770 352 2831 que
372 2748 451 2814 haec
469 2753 599 2814 tantum
618 2755 675 2835 est,
699 2751 787 2836 quod
805 2772 886 2835 quos
906 2752 959 2816 ille
982 2773 1093 2816 versus
1118 2751 1310 2836 singillatim
1334 2753 1434 2836 scrip·

289 2858 355 2939 tos,
384 2855 436 2920 hic
460 2856 611 2922 binorum
635 2857 669 2922 in
694 2880 793 2922 unum
817 2859 1035 2923 contractione
1064 2859 1271 2924 continuatos
1295 2859 1434 2926 exhibet

289 2962 326 3026 Id
350 2967 458 3028 autem
482 2986 577 3029 omne
606 2964 759 3048 quoniam
783 2963 878 3028 facile
906 2964 1107 3049 intellegitur
1131 2965 1202 3030 sola
1225 2966 1433 3032 annotatione

289 3089 354 3132 non
378 3069 523 3153 potuisse
546 3069 613 3136 ullo
636 3070 732 3136 modo
752 3073 847 3155 quale
866 3075 952 3136 esset
971 3072 1051 3136 satis
1071 3072 1123 3137 vel
1146 3073 1239 3156 plene
1263 3075 1314 3138 rel
1337 3075 1433 3158 plane

288 3175 478 3261 significari,
505 3177 634 3262 integra
652 3177 807 3261 exempla
830 3181 958 3242 exstare
981 3177 1070 3242 volui
1093 3184 1215 3263 quanta
1237 3181 1347 3263 potuit
1369 3183 1431 3246 fide

288 3287 541 3368 repraesentata,
564 3287 705 3368 primum
729 3286 993 3351 membranarum
1018 3285 1322 3352 Ambrosianarum:
1351 3289 1431 3354 alte·

288 3410 359 3452 rum
383 3388 512 3455 Veteris
536 3393 669 3458 codicis:
693 3394 810 3477 quibus
834 3394 967 3458 tertium
992 3393 1100 3458 addidi
1123 3394 1187 3458 mei
1210 3393 1344 3478 librili,
1367 3418 1430 3479 quo

288 3494 327 3558 de
356 3496 523 3563 Vrsiniani
554 3521 680 3584 quoque
711 3500 805 3584 eique
835 3499 994 3564 simillimi
1022 3498 1191 3564 Decurteti
1221 3500 1327 3565 indole
1357 3523 1431 3567 con·

288 3606 399 3668 staret.
445 3603 589 3680 Quorum
613 3606 833 3689 exemplorum
856 3606 941 3670 inter
969 3628 1004 3671 se
1032 3606 1206 3671 collatione
1235 3607 1346 3692 simul,
1373 3629 1431 3690 per

287 3733 369 3797 quos
397 3715 565 3795 tamquam
597 3713 717 3795 gradus
748 3713 951 3779 saeculorum
981 3712 1117 3777 decursu
1147 3713 1334 3798 depravatio
1365 3736 1428 3778 cre-

286 3818 380 3902 verit,
405 3817 529 3883 utiliter
552 3840 622 3883 esse
646 3823 722 3885 ante
746 3820 858 3885 oculos
882 3819 1025 3904 positum
1050 3817 1263 3906 existimo.**)

163 3966 274 4008 ccum
377 3924 500 3990 Horum
524 3926 625 4010 igitur
649 3927 868 4011 exemplorum
893 3949 954 4011 ope
978 3928 1041 3992 etsi
1064 3926 1273 3992 Ambrosiani
1288 3927 1428 3993 Veteris·

286 4055 348 4117 que
376 4055 449 4096 cum
477 4032 728 4118 discrepantiam
756 4037 828 4097 turn
858 4033 1131 4113 convenientiam,
1160 4032 1214 4116 qui
1243 4033 1343 4116 volet,
1371 4055 1430 4097 nec

391 4280 418 4348 *)
436 4280 523 4350 [an's
540 4281 592 4335 liti
608 4279 699 4348 se'cidi
717 4280 847 4334 obnoxios
865 4279 965 4348 Trinl]

375 4367 416 4435 **)
436 4367 524 4437 [Haeo
547 4367 674 4424 codicum
700 4369 828 4438 exempla
850 4367 914 4423 inde
938 4386 1000 4438 ap.
1020 4383 1083 4423 ocor
1107 4385 1195 4438 nsque
1217 4369 1299 4441 adp.
1318 4383 1428 4426 ccoxrrr

286 4454 379 4523 posita
408 4473 480 4510 nnnc
510 4459 664 4526 potuerunt
688 4457 795 4526 omitti,
819 4474 882 4512 cum
906 4457 1032 4512 correcta
1058 4458 1087 4512 in
1110 4455 1284 4526 praelatione
1311 4459 1427 4514 alterius

286 4540 442 4596 Trinummi
460 4542 592 4600 editionis
610 4545 741 4616 legantur
759 4565 786 4616 p.
805 4559 925 4602 mrv-
940 4547 1048 4615 xnvrr.]
