3338 5072
563 423 830 472 auauuamours
853 423 1060 472 aerumnae.
1324 405 1389 470 325

241 589 299 652 pro
327 568 415 633 nauis
442 566 625 652 irrepsisse,
653 565 728 632 hinc
756 571 865 632 autem
894 564 1127 632 consectarium
1151 565 1251 630 fuisse
1274 566 1303 630 si
1326 585 1389 631 nou

240 673 472 759 particularum
500 673 535 738 in
561 673 626 740 nisi
653 670 944 758 conversionem.*)
990 671 1052 737 Sed
1081 675 1190 736 tamen
1213 671 1309 738 buius
1333 693 1388 756 po·

239 781 405 846 tissimum
423 781 558 866 originis
578 801 649 846 cum
666 803 731 846 non
749 780 854 865 possit
871 779 1045 846 necessitas
1064 780 1262 865 persuaderi,
1285 780 1387 845 tutius

239 889 343 953 risum
373 891 423 953 est
449 887 502 952 hic
530 909 656 974 quoque
679 887 935 953 vetustissimum
963 890 1081 952 testem
1109 887 1214 972 sequi:
1242 908 1388 970 praeser-

239 997 301 1061 tim
319 1017 392 1061 cum
416 991 496 1059 illud
519 994 573 1060 vix
597 1017 634 1060 ac
657 1015 698 1060 ne
721 995 775 1060 vix
794 994 924 1079 quidem
944 995 1127 1078 concedam,
1150 994 1186 1059 in
1205 993 1387 1080 corrigandi

239 1125 355 1168 caussa
384 1102 481 1168 etiam
511 1122 617 1184 nonpe
643 1101 731 1167 uocis
759 1102 995 1187 correptionem
1023 1100 1137 1167 fuisse:
1163 1123 1239 1166 nam
1268 1105 1386 1168 metro-

239 1233 311 1276 rum
344 1209 473 1295 quidem
507 1213 722 1274 correctorem
754 1209 845 1274 nulla
876 1208 928 1273 vel
957 1208 991 1272 in
1021 1207 1240 1274 Ambrosiana
1269 1208 1321 1273 vel
1352 1207 1387 1274 in

238 1317 398 1384 Palatinis
431 1316 570 1402 vestigia
598 1315 755 1400 produnt,
792 1315 824 1380 id
857 1315 941 1400 quod
974 1315 1039 1379 iam
1071 1314 1147 1380 olim
1179 1315 1386 1399 pronuntiavi

238 1423 350 1491 Dium.
374 1424 496 1509 antiqu.
519 1422 704 1488 Darmstad.
723 1445 750 1488 a.
770 1439 1058 1490 clolocccxxxvn
1078 1444 1107 1507 p.
1128 1419 1258 1507 755.**)
1294 1419 1384 1488 Cete-
1399 1445 1489 1486 nxvn

238 1554 310 1596 rum
333 1531 532 1596 diversarum
554 1528 776 1594 recensionum
806 1532 919 1594 tenues
943 1527 1100 1614 quasdam
1123 1529 1291 1612 tamquam
1314 1528 1387 1592 reli·

239 1637 330 1724 quiae
363 1659 427 1703 non
459 1637 579 1703 infitior
611 1636 707 1703 hodie
739 1659 867 1722 quoque
901 1658 1084 1722 superesse,
1116 1631 1172 1700 sed
1204 1655 1314 1700 earum
1347 1657 1385 1700 ex

238 1743 476 1829 antiquioribus
504 1747 541 1808 ut
567 1746 647 1827 puto
678 1742 814 1810 saeculis
842 1742 1103 1828 repetendarum,
1132 1741 1251 1827 partim
1276 1743 1385 1808 autem

238 1874 297 1916 sua
329 1855 444 1935 sponte
476 1854 641 1934 actuum,
673 1850 794 1935 partim
826 1849 937 1915 critica
969 1871 1067 1935 opera
1099 1849 1385 1934 grammaticorum

236 1963 434 2044 paratarum.
472 1957 614 2034 Quarum
638 1979 736 2022 unam
761 1956 905 2042 aliquam
929 1977 1059 2022 necesse
1077 1959 1133 2020 est
1156 1956 1189 2020 in
1212 1955 1385 2040 praecipuo

238 2065 361 2132 bonore
388 2086 447 2150 per
474 2065 672 2130 saeculorum
697 2065 867 2129 decursum
889 2063 1034 2129 habitum
1065 2083 1149 2148 csse,
1176 2063 1243 2128 sive
1271 2083 1342 2128 eam
1367 2085 1386 2128 a

240 2173 372 2239 Valerio
395 2172 501 2238 Probo
530 2171 597 2236 sive
627 2171 669 2236 ab
698 2171 763 2236 alio
791 2170 984 2255 profectam:
1013 2191 1089 2235 nam
1113 2169 1152 2234 de
1177 2168 1322 2234 Varrone
1344 2192 1385 2234 ne

239 2281 312 2366 quis
331 2279 515 2365 suspicetur
530 2278 610 2344 satis
629 2279 699 2342 cavi
718 2277 885 2365 Parergon
903 2299 933 2362 p.
953 2277 1004 2344 80.
1024 2277 1088 2343 367
1109 2280 1142 2342 et
1160 2298 1261 2362 nuper
1279 2275 1385 2343 Musei

237 2387 348 2473 philol.
372 2386 478 2452 nostri
505 2388 527 2450 t.
551 2383 599 2450 VI
623 2409 653 2471 p.
676 2386 741 2452 509
767 2388 822 2467 [=
842 2384 958 2469 Opusc.
982 2383 1058 2471 phil.
1083 2383 1133 2449 llI
1156 2407 1186 2470 p.
1204 2383 1268 2448 447
1289 2385 1385 2465 anu.].

237 2495 321 2560 Eum
360 2495 484 2576 autem,
522 2492 666 2578 quisquis
697 2493 775 2575 fuit,
812 2513 890 2558 saue
928 2494 1032 2556 metra
1069 2513 1196 2578 quoque
1234 2489 1384 2578 attigisse

238 2605 327 2686 puto,
350 2603 383 2664 et
405 2597 612 2683 potissimum
636 2598 764 2684 quidem
788 2597 914 2664 cantica
931 2597 1084 2664 Plautina
1102 2600 1136 2664 in
1155 2621 1225 2664 eam
1243 2598 1383 2664 formam

238 2705 413 2792 redegisse,
442 2707 481 2771 ad
510 2707 600 2772 cuius
629 2706 810 2791 exemplum
839 2705 947 2792 aliquo
974 2706 1161 2790 intervallo,
1189 2705 1244 2770 sed
1272 2709 1382 2770 tamen

238 2813 401 2880 communi
421 2835 515 2898 saepe
535 2811 723 2879 testimonio
737 2813 769 2878 A
789 2816 822 2878 et
839 2813 873 2876 B
892 2813 1061 2878 accedunt:
1085 2835 1222 2897 quorum
1242 2813 1381 2878 cantico·

238 2945 308 2986 rum
326 2920 468 3006 rationes
487 2920 551 2985 iam
571 2919 718 3004 proximo
738 2923 814 3004 post
832 2923 946 3005 poetae
964 2923 1105 2985 aetatem
1122 2919 1250 2983 saeculo
1265 2941 1381 3004 parum

237 3031 423 3114 perspectas
458 3050 528 3093 esse
562 3025 716 3092 Sisennae
749 3027 897 3111 exemplo
929 3026 1024 3091 docui
1053 3025 1218 3111 Parergon
1249 3047 1279 3110 p.
1307 3026 1382 3092 383.

235 3134 406 3200 Praeterea
429 3155 446 3200 e
469 3135 549 3200 satis
578 3134 712 3218 antiqua
735 3137 841 3199 aetate
865 3132 944 3197 illud
969 3133 1177 3218 repetendum
1200 3132 1294 3197 valde
1317 3157 1382 3199 me·

235 3241 403 3325 morabile,
426 3241 511 3326 quod
535 3239 729 3324 quibusdam
753 3240 789 3304 in
810 3238 934 3304 fabulis
958 3261 1016 3324 pro
1041 3239 1087 3304 eis
1110 3261 1192 3324 quae
1215 3261 1302 3306 nunc
1326 3239 1382 3306 ha·

235 3349 352 3414 bantur
379 3367 591 3431 personarum
619 3347 806 3411 nominibus
835 3347 868 3410 in
892 3346 924 3411 Α
947 3367 1079 3429 prorsus
1104 3347 1232 3412 diversa
1254 3352 1382 3431 reperta

236 3458 324 3520 aunt:
348 3453 432 3540 quod
456 3451 552 3538 attigi
574 3452 694 3517 ibidem
718 3475 747 3537 p.
767 3454 842 3538 278,
865 3473 924 3518 suo
948 3453 1019 3518 loco
1043 3475 1217 3538 persequar
1241 3454 1379 3520 uberius.

237 3599 280 3608 -
299 3562 326 3627 Ε
345 3561 405 3626 tali
424 3563 534 3625 autem
553 3559 741 3625 recensendi
760 3559 868 3625 studio
888 3562 921 3625 st
939 3559 1073 3625 consilio
1097 3559 1252 3645 quidquid
1275 3565 1381 3627 trans-

235 3669 300 3733 isse
328 3669 362 3733 in
392 3665 644 3732 Ambrosianum
672 3667 861 3751 conieceris,
893 3671 979 3732 certe
1011 3689 1077 3734 non
1109 3668 1231 3752 poteris
1260 3669 1381 3735 talibus

237 3775 277 3840 ad
292 3775 434 3860 aliquam
453 3775 618 3858 tamquam
638 3774 899 3859 praerogativam
914 3773 1138 3840 Palatinorum
1158 3775 1380 3841 demonstran·

233 3881 309 3946 dam
331 3881 392 3947 uti:
420 3902 497 3945 nam
520 3901 603 3966 quae
626 3879 660 3945 in
682 3879 735 3945 bia
758 3880 837 3965 ipsis
861 3881 997 3965 duplicis
1022 3881 1217 3947 recensionis
1242 3881 1382 3966 vestigia

233 3987 438 4054 uersu1188
467 3989 579 4072 aperui
607 3986 748 4076 (ducoms
775 3994 963 4071 optumum
990 3992 1023 4054 et
1045 3991 1154 4054 ducat:
1183 3989 1263 4071 licet,
1291 4009 1379 4053 acce·

233 4095 328 4160 dente
350 4116 561 4180 personarum
585 4097 789 4181 mutatione),
814 4097 860 4160 eia
884 4095 1111 4161 manifestiora
1133 4093 1266 4178 reperiri
1285 4113 1379 4178 nego.

234 4201 348 4287 Itaque
372 4199 434 4266 hoc
457 4223 552 4268 omne
576 4223 647 4266 cum
673 4200 764 4267 valde
788 4203 977 4288 ambiguum
1001 4202 1058 4285 sit,
1080 4221 1147 4268 non
1171 4199 1292 4283 poterit
1313 4221 1380 4266 non

323 4425 427 4520 ἫΟῙ.1
441 4447 514 4504 inira
532 4466 558 4518 p.
578 4461 680 4503 cun.
700 4448 801 4518 Opusc.
820 4447 890 4518 phil.
910 4447 935 4501 Il
953 4465 981 4517 p.
1001 4447 1075 4518 ula]

303 4535 346 4607 ⁸‘)
366 4537 414 4608 [-
438 4536 538 4608 Opusc.
558 4535 628 4607 phil.
647 4535 673 4590 ll
690 4553 717 4607 p.
739 4541 799 4604 19³,
818 4535 866 4591 ubi
884 4535 948 4592 vide
967 4533 1199 4606 annotationem]
