3302 5076
715 1169 835 1253 XIII.

557 1343 759 1427 Orationes
787 1341 948 1427 latinae.

726 1543 831 1551 .——--

769 1669 796 1732 1.

206 1809 404 1874 Praefatio
428 1808 473 1873 ed
493 1807 767 1873 defendendam
788 1806 831 1872 de
851 1805 923 1872 Oro
944 1813 981 1873 et
999 1807 1142 1874 Orione
1161 1831 1354 1876 commen-

206 1917 396 1982 tationem
420 1917 588 1981 muneris
612 1915 845 1999 professorii
875 1916 1184 1980 extraordinarii
1207 1915 1245 1980 in
1269 1917 1352 1980 nni·

207 2024 395 2088 versitate
424 2023 645 2087 litterarum
675 2019 979 2086 Vratislaviensi
1009 2023 1184 2110 suseepti
1213 2044 1354 2088 caussa

396 2127 458 2194 die
481 2127 545 2194 VII
568 2151 609 2193 m.
632 2127 841 2192 Februarii
864 2151 892 2193 a.
919 2129 1004 2193 1834
1026 2129 1171 2194 habita

297 2267 443 2334 Gratiam
470 2272 598 2353 praeter
626 2273 733 2334 cetere
760 2269 917 2354 intellego
946 2292 1019 2334 cnm
1051 2270 1233 2338 habendam
1261 2269 1354 2337 vobis

207 2397 327 2457 meam,
354 2380 424 2442 tum
456 2379 594 2440 vestram
619 2375 699 2439 mihi
724 2397 794 2440 esse
817 2375 1070 2461 implorandam,
1092 2382 1197 2444 rector
1228 2378 1353 2444 univer·

207 2483 316 2547 sitatis
344 2483 523 2568 magnifice,
549 2486 678 2548 curator
710 2482 940 2567 illustrissime,
964 2484 1084 2550 decane
1107 2485 1247 2550 maxime
1266 2508 1354 2571 spec·

207 2589 335 2674 tabilis,
365 2589 564 2675 professores
596 2596 629 2652 et
651 2587 800 2656 doctores
824 2590 1095 2672 aestimetissimi,
1118 2593 1355 2658 commilitones

208 2695 452 2778 humanissimi,
476 2695 658 2760 litterarum
682 2697 826 2762 lautores
845 2697 1048 2782 amplissimi.
1085 2697 1147 2773 Qui
1166 2721 1239 2764 cum
1257 2698 1354 2763 huius

208 2801 274 2866 diei
291 2803 542 2868 sollemnitatem
557 2806 667 2868 restra
680 2802 862 2888 praesentia
879 2802 1090 2868 condecorare
1104 2825 1169 2868 non
1188 2803 1355 2888 dedignati

210 2909 297 2992 sitis,
326 2914 394 2974 tam
418 2930 581 2994 propensa
603 2909 637 2973 in
662 2931 714 2974 me
737 2908 907 2974 voluntate
938 2912 971 2972 et
999 2909 1235 2974 incredibiliter
1261 2908 1354 2975 vobis

209 3015 400 3080 obstrictum
428 3038 534 3081 meum
563 3017 708 3082 animum
736 3015 855 3082 tenetis
885 3019 918 3080 et
946 3015 1272 3082 benevolentissimae
1299 3039 1354 3102 pa-

208 3121 340 3187 tientiae
364 3124 546 3207 exemplum
570 3122 716 3188 edidistis
739 3121 826 3188 haud
849 3121 993 3208 vulgare.
1040 3121 1168 3208 Quippe
1191 3123 1218 3188 si
1242 3123 1283 3188 ab
1306 3123 1353 3188 eis

208 3233 351 3294 vestrum
370 3251 540 3315 recessero,
563 3230 754 3316 quibuscum
773 3229 991 3295 communium
1016 3227 1195 3295 studiorum
1214 3229 1355 3296 necessi·

208 3336 287 3402 tudo
322 3335 401 3401 mihi
435 3336 607 3403 intercedit
640 3337 850 3420 suavissima,
887 3335 1018 3422 reliquis
1050 3335 1117 3400 fere
1149 3359 1215 3403 non
1247 3340 1355 3420 potest
1383 3365 1384 3369 ¹

210 3441 287 3528 quin
315 3463 430 3526 parum
457 3442 684 3509 oblectationis
712 3443 820 3528 pariat
842 3443 915 3527 ipsa
937 3445 1123 3528 argumenti
1147 3443 1306 3528 tenuitas,
1336 3464 1355 3507 a

209 3547 371 3612 communi
402 3569 463 3613 usu
485 3550 596 3633 paullo
619 3549 815 3616 remotioris.
861 3547 953 3625 Quod
976 3553 1085 3614 temen
1108 3554 1236 3616 tantum
1261 3549 1354 3614 abest

209 3655 356 3739 equidem
384 3660 422 3720 ut
444 3657 662 3722 excusandum
684 3661 810 3742 putem,
838 3661 876 3721 ut
903 3656 1027 3742 optime
1049 3656 1175 3722 ratione
1197 3657 1260 3722 niti
1283 3678 1355 3722 sen·

209 3761 298 3826 tiam.
344 3760 432 3828 Haec
456 3763 558 3848 igitur
581 3763 686 3848 qualis
709 3765 796 3830 ratio
820 3764 877 3847 sit,
904 3763 1044 3850 primum
1067 3763 1252 3830 declarabo:
1280 3769 1356 3850 post

209 3870 369 3954 quomodo
395 3869 579 3954 argumenti
602 3869 746 3936 taedium
770 3870 850 3936 sslnd
873 3870 989 3955 levare,
1013 3872 1041 3936 si
1065 3869 1160 3936 modo
1183 3872 1380 3956 possimus,-

210 3979 243 4040 et
258 3975 368 4060 eliqne
381 3979 467 4040 certe
481 3997 520 4040 ex
538 3981 631 4059 parte
646 3998 854 4062 compensare
868 3967 1140 4062 constituerimus,
1159 3977 1355 4063 significabo.

210 4081 258 4146 Ac
281 4085 410 4148 tentum
434 4083 563 4167 quidem
587 4082 718 4164 concedi
741 4107 806 4150 nno
830 4106 885 4149 ore
908 4084 1018 4167 eredo,
1040 4105 1106 4149 non
1129 4082 1194 4149 alio
1218 4084 1354 4150 consilio

209 4187 295 4252 hunc
312 4189 441 4272 publice
464 4188 625 4254 scribendi
649 4189 834 4274 scriptaque
858 4189 1049 4256 defendendi
1071 4211 1193 4255 morem
1217 4190 1355 4274 antiqui·

210 4297 264 4358 tus
288 4318 383 4378 posse
406 4297 566 4362 sancitum
589 4317 673 4380 esse,
701 4296 766 4362 nisi
788 4297 867 4381 hoe,
890 4301 939 4380 ut,
968 4294 1054 4381 quod
1077 4294 1150 4381 quis
1173 4295 1208 4359 in
1231 4296 1354 4360 litters·

212 4422 284 4465 rum
304 4403 515 4468 universitate
534 4401 698 4487 publicum
721 4425 837 4468 munus
855 4403 1092 4487 capessivisset,
1114 4401 1144 4466 ei
1168 4401 1355 4468 sustinendo

211 4529 245 4572 se
278 4531 390 4592 parem
422 4510 554 4592 publico
587 4509 665 4573 item
697 4509 886 4574 testimonio
919 4507 1079 4593 proderet.
1124 4507 1213 4573 Haec
1246 4512 1354 4574 autem

1085 4611 1141 4668 40*
