3302 5076
320 373 385 438 656
698 391 930 440 nsrnnrrscsn
953 392 1078 440 annun.

317 553 376 598 nos
399 533 585 598 existimare
607 537 665 598 aut
686 537 819 599 eventus
843 534 937 599 docet
960 535 1193 600 subcontrarii
1221 535 1350 619 generis
1373 557 1461 601 com-

317 639 455 722 paratio.
491 638 605 723 Itaque
623 660 641 702 e
660 643 752 704 tanta
770 661 877 704 rerum
896 640 1134 723 praeclararum
1153 641 1322 727 varietate,
1345 643 1461 727 quibus

316 745 561 830 Angustissimi,
580 747 669 812 cuius
689 747 881 812 memoriam
900 746 1083 830 recolimus,
1102 745 1202 833 Regis
1216 749 1320 814 virtus
1335 749 1462 834 enituit,

317 872 389 916 cum
412 853 545 938 dignum
570 854 719 919 oratione
743 858 971 938 argumentum
995 875 1231 939 quaereremus,
1254 856 1459 921 commodum

316 960 350 1023 in
377 964 519 1025 ruentem
548 961 637 1026 venit
664 963 826 1042 decantati
856 983 933 1026 saue
962 961 1263 1046 apophthegmatis,
1291 963 1347 1028 aad
1376 963 1461 1047 qnod

317 1089 429 1131 omnes
452 1089 604 1134 numeros
627 1069 775 1134 veritatis
799 1068 931 1152 haheat,
955 1091 1018 1153 quo
1042 1068 1292 1154 uniuscuiusque
1315 1069 1458 1134 indolem

316 1173 466 1238 iubemur
488 1194 529 1239 ex
548 1173 588 1239 iis
608 1195 812 1258 cognoscere,
835 1176 953 1259 quibus
972 1175 1113 1240 maxime
1131 1175 1217 1239 vitae
1237 1175 1460 1240 consiliorum·

315 1302 377 1363 qne
408 1282 505 1346 sociis
535 1285 656 1346 utatur.
703 1281 795 1358 Quod
826 1281 955 1366 quidem
985 1283 1019 1346 in
1047 1282 1230 1366 principum
1257 1303 1323 1346 non
1353 1282 1460 1347 minus

279 1410 301 1450 v
314 1406 412 1469 quam
435 1386 471 1450 in
493 1388 695 1470 privatorum
718 1387 885 1453 hominnm
905 1371 1047 1452 rationes
1067 1387 1162 1470 cadit,
1186 1409 1286 1472 eoque
1305 1387 1460 1453 maiorem

314 1492 383 1557 illic
409 1494 476 1558 vim
503 1493 616 1578 habet,
643 1515 707 1578 quo
736 1498 768 1558 et
795 1496 927 1579 gravior
953 1495 1118 1580 regiorum
1145 1495 1354 1579 potissimum
1384 1496 1461 1560 ami·

314 1621 424 1665 corum
454 1602 631 1666 auctoritas
660 1607 694 1666 et
722 1622 798 1666 vero
822 1601 995 1667 eorundem
1020 1600 1264 1686 deligendorum
1289 1601 1460 1667 arbitrium

315 1706 377 1788 ipsi
406 1707 542 1791 principi
568 1707 710 1772 liberius.
756 1707 865 1791 Atque
891 1706 1006 1772 habita
1033 1713 1083 1772 est
1109 1707 1189 1773 haec
1218 1729 1345 1793 semper
1367 1731 1459 1793 prae·

314 1812 409 1896 cipua
440 1835 516 1897 pars
549 1814 728 1899 sapientiae
760 1812 941 1879 Farnumci
970 1814 1159 1899 Gvrnunui,
1190 1815 1289 1899 quod,
1320 1837 1392 1880 cum
1427 1816 1462 1880 in

315 1923 417 1984 semet
438 1919 522 2005 ipse,
545 1943 610 2006 qua
633 1923 703 1985 erat
725 1921 917 1985 verecundia
940 1943 1081 2007 summa,
1113 1945 1227 2007 pamm
1261 1944 1357 2007 saepe
1380 1922 1461 1987 fidn-

314 2027 384 2092 ciae
417 2026 606 2112 collocaret,
637 2027 671 2092 id
703 2027 760 2093 ille
792 2027 1022 2092 detrimentum
1055 2025 1097 2112 (si
1127 2027 1178 2092 fas
1209 2032 1258 2093 est
1287 2029 1461 2094 detrimen·

314 2136 383 2198 tum
407 2130 525 2219 dicere)
544 2134 593 2198 ita
611 2137 836 2217 compensaret
853 2133 1118 2216 luculentissime,
1141 2138 1177 2198 ut
1196 2134 1458 2219 intellegentissi·

314 2263 441 2306 morum
478 2240 716 2325 eorundemque
752 2240 1056 2306 honestissimorum
1093 2241 1234 2306 virorum
1270 2241 1460 2307 felicissimo

314 2347 439 2412 delectu
458 2346 598 2431 stipatus
622 2369 693 2412 esse
717 2369 789 2413 cum
808 2347 917 2432 eisque
937 2347 1183 2412 administrandi
1203 2348 1331 2433 imperii
1350 2349 1462 2414 munia

314 2453 552 2518 communicare
576 2454 682 2518 vellet
720 2453 806 2520 Nam
831 2455 858 2520 si
882 2476 1010 2520 summa
1031 2455 1105 2519 laus
1128 2458 1188 2538 est,
1210 2477 1251 2520 ne
1274 2475 1369 2539 egere
1392 2455 1461 2540 qui-

313 2560 386 2624 dem
410 2560 516 2625 aliena
539 2582 608 2644 ope,
632 2559 664 2624 id
689 2560 773 2645 quod
798 2549 1036 2646 quodaminodo
1060 2561 1138 2627 licet
1160 2561 1195 2626 in
1215 2562 1316 2628 divini
1334 2561 1458 2646 ingenii

314 2668 458 2752 principe
488 2666 651 2732 Friderico
681 2666 803 2753 Magno
835 2667 1035 2752 praedicare:
1068 2671 1104 2731 at
1134 2688 1201 2732 non
1232 2670 1348 2733 ultima
1380 2668 1461 2733 haec

314 2778 378 2858 est,
409 2775 508 2839 immo
541 2773 690 2858 proximo
723 2775 764 2839 ab
797 2774 855 2840 illa
887 2774 1060 2839 intervallo
1092 2773 1230 2860 distans,
1261 2779 1310 2858 ut,
1342 2775 1459 2860 quibus

314 2901 424 2966 egeas,
457 2904 496 2946 ea
522 2883 592 2965 pari
620 2881 930 2965 circumspicientiae
958 2881 1134 2966 sagacitate
1161 2879 1283 2946 habeas
1313 2882 1368 2966 qui
1399 2882 1460 2946 tibi

314 2987 443 3051 aliunde
475 2988 593 3071 parias.
646 2987 692 3053 nt
723 2988 758 3052 in
790 3010 828 3052 eo
862 2986 990 3071 quidem
1023 3009 1121 3071 quam
1153 2987 1272 3052 eximio
1305 3009 1455 3052 successu

313 3091 527 3161 Farnnarcvs
551 3093 758 3160 Gulasnnvs
782 3093 1008 3177 elaboraverit,
1032 3116 1105 3159 cum
1128 3093 1198 3177 ipse
1220 3092 1281 3158 flos
1309 3097 1342 3157 et
1360 3094 1460 3159 robur

313 3200 457 3266 diuturni
494 3201 623 3284 imperii
662 3201 854 3267 documento
894 3204 960 3285 est,
999 3203 1070 3265 tum
1107 3197 1369 3283 splendidissima
1404 3222 1460 3266 no

260 3307 264 3316 '
313 3309 538 3374 minaeorum
561 3311 738 3392 testantur,
761 3329 842 3392 quos
864 3307 921 3371 ille
944 3307 1154 3372 consiliorum
1178 3305 1387 3370 administros
1411 3329 1461 3370 re·

314 3415 499 3499 gendaeque
530 3414 728 3499 reipublicae
754 3413 929 3497 participes
956 3413 1080 3478 ascivit.
1123 3412 1266 3488 Quorum
1291 3413 1459 3478 nominum

314 3520 553 3586 multitudinem
574 3521 861 3606 quotienscumque
885 3519 968 3603 apud
988 3520 1131 3584 animum
1154 3519 1374 3603 lustravimus,
1398 3520 1459 3584 etsi

314 3627 388 3693 aliis
411 3628 494 3694 alios
518 3628 696 3693 virtutibus
721 3627 911 3711 conspicuos
935 3627 1086 3692 admirati
1104 3648 1225 3711 sumus,
1247 3630 1356 3692 tamen
1375 3649 1458 3692 nnus

315 3734 445 3820 quidam
468 3734 547 3800 adeo
572 3734 726 3800 excellere
749 3738 878 3819 praeter
906 3737 1031 3799 ceteros
1059 3755 1186 3818 semper
1215 3734 1302 3798 visus
1330 3735 1394 3816 est,
1421 3737 1459 3798 ut

314 3842 348 3906 in
370 3841 537 3926 praeclara
558 3841 627 3906 eius
650 3840 791 3925 imagine
814 3861 991 3924 numquam
1009 3860 1074 3904 non
1094 3861 1221 3904 summa
1239 3843 1273 3904 et
1291 3840 1459 3923 voluptate

314 3953 347 4013 et
370 3949 576 4015 veneratione
600 3947 709 4012 oculos
738 3945 950 4010 defixerimus.
996 3941 1096 4009 Cuius
1120 3944 1316 4029 simulatque
1339 3967 1459 4010 nomen

315 4056 439 4142 dixero,
466 4078 524 4122 nec
552 4054 646 4122 credo
674 4053 944 4120 inconsideratius
972 4053 1064 4118 illum
1088 4052 1298 4136 potissimum
1325 4053 1458 4137 reliquis

315 4163 538 4248 anteposuisse
561 4161 742 4244 iudicabor,
771 4181 830 4224 nee
853 4160 1080 4224 irreverentius
1104 4158 1154 4223 his
1178 4159 1259 4243 ipsis
1283 4160 1322 4224 de
1345 4157 1457 4224 debito

313 4268 435 4334 honore
472 4269 644 4354 quicquam
682 4266 867 4332 detraxisse.
927 4265 1006 4343 Quis
1043 4269 1094 4332 est
1130 4266 1232 4350 enim,
1269 4266 1346 4351 quin
1384 4287 1459 4329 cum

314 4373 809 4441 GV1nnnn1ansoanr11
828 4374 1009 4439 clarissimo
1028 4373 1168 4456 nomine,
1188 4379 1226 4438 nt
1244 4373 1355 4457 paucis
1374 4393 1460 4437 com-

314 4481 450 4565 plectar,
482 4485 515 4544 et
541 4481 702 4565 perfectae
729 4480 860 4545 virtutis
893 4479 1126 4564 cogItationem
1160 4483 1193 4544 et
1223 4500 1324 4564 prope
1356 4477 1458 4543 divini
