3338 5072
325 375 391 440 354
613 393 878 442 nnonnconnns
901 395 948 441 nn
971 395 1183 472 aamompvs

325 539 560 619 concoquerant
578 534 712 620 librarii,
735 536 926 621 corrigendo
946 538 1009 602 sibi
1026 539 1136 604 notius
1155 537 1343 602 intulerunt.
1375 536 1470 602 Indu-

324 641 425 706 cenda
452 645 529 706 sunt
555 648 584 708 ct
608 645 727 710 inducit
756 650 768 709 t
795 646 907 728 verba,
935 667 1016 734 quae
1044 649 1157 714 assuta
1184 667 1253 710 essa
1276 645 1348 730 ipsa
1370 645 1469 711 collo·

324 749 408 813 catio
439 749 544 830 docet,
577 773 650 816 cum
683 751 800 817 saltem
827 753 850 817 d
873 753 979 835 perdit
1005 758 1034 817 ct
1058 753 1182 818 inducit
1207 758 1219 816 t
1246 751 1470 838 coniungenda

323 854 469 920 fluissent
506 855 558 921 Ab
582 857 675 922 initio
698 859 839 924 fortasse
863 863 921 924 aut
943 859 1051 945 ipsum
1070 859 1149 924 Hau
1172 882 1232 944 pro
1255 859 1358 925 Haud
1378 881 1469 944 repo

322 963 472 1048 nendum,
496 967 553 1030 aut
574 967 651 1050 post
673 965 712 1030 οὐ
737 965 918 1032 addendum
941 971 970 1032 et
993 967 1058 1047 suit
1078 987 1129 1032 au.
1174 966 1324 1052 Reliqua,
1351 967 1468 1052 quibus

324 1091 451 1136 summe
475 1071 705 1155 disputationis
729 1073 924 1157 continetur,
947 1073 994 1138 sic
1018 1074 1046 1138 si
1070 1073 1146 1158 quid
1169 1074 1262 1139 video
1285 1073 1468 1140 scribenda:

323 1177 370 1242 ‘at
388 1201 462 1244 cum
481 1180 616 1245 uerbum
635 1204 655 1246 a
672 1180 866 1247 consonanti
884 1181 1006 1266 incipit,
1029 1183 1051 1246 d
1072 1181 1179 1267 perdit
1202 1185 1240 1246 ut
1260 1181 1324 1246 hou
1342 1181 1468 1246 dubicm

324 1289 356 1350 et
382 1285 446 1350 hae
473 1288 573 1351 mettio
599 1292 632 1352 ct
657 1287 721 1353 lucu
743 1289 902 1371 placitura
928 1286 1028 1368 refer?
1074 1287 1160 1354 Nam
1189 1293 1227 1354 ut
1249 1288 1312 1353 huc
1335 1288 1466 1354 tandem

323 1391 499 1478 deveniam,
523 1394 608 1478 quod
632 1395 727 1481 longe
750 1396 981 1480 gravissimum
999 1399 1050 1460 est
1067 1399 1101 1460 et
1118 1395 1271 1480 ponderis
1291 1395 1466 1480 plurimum

321 1495 483 1566 Victorini
506 1502 681 1568 memoriae
706 1502 839 1587 addens,
862 1525 1010 1570 manasse
1034 1503 1113 1569 haec
1136 1503 1246 1568 omnia
1269 1525 1285 1568 c
1309 1524 1466 1590 germana

321 1605 490 1673 doctorum
508 1610 796 1694 grammaticorum
811 1617 879 1675 arte
894 1613 927 1675 et
940 1610 1113 1695 disciplina
1126 1609 1299 1676 manifesto
1318 1610 1467 1694 exempla

322 1712 447 1797 docent,
470 1737 552 1799 quae
575 1715 616 1781 ad
641 1716 741 1781 crisin
762 1715 986 1802 Vergilianam
1010 1720 1160 1802 spectant
1186 1717 1308 1782 omnia:
1337 1716 1465 1802 quando

275 1846 305 1886 or
319 1821 360 1885 ad
383 1819 568 1906 Vergilium
592 1823 759 1890 simiIlimo
788 1845 823 1888 se
846 1824 953 1890 studio
978 1823 1072 1890 latini
1094 1824 1300 1909 grammatici
1324 1823 1387 1888 toti
1410 1845 1465 1909 ap·

318 1920 520 2011 plicaverunt
548 1952 612 2014 quo
641 1931 681 1996 ad
704 1929 884 1996 Homerum
912 1931 1031 2016 graeci.
1075 1931 1177 1996 Haerd
1204 1931 1295 1996 aliter
1319 1929 1463 2012 [Rutu]

317 2057 422 2102 muros
445 2036 545 2102 habes
570 2037 650 2103 Aen.
673 2038 736 2125 IX,
759 2039 815 2104 65:
844 2037 930 2104 hosed
949 2039 1087 2121 specimen
1110 2061 1183 2104 cum
1208 2038 1325 2125 Gaorg.
1349 2038 1374 2123 I,
1397 2039 1463 2104 415

318 2149 389 2210 tum
418 2149 533 2229 quater
560 2144 595 2208 in
623 2144 777 2212 Aeneide:
806 2145 892 2211 houd
910 2145 1070 2228 placitura
1096 2145 1178 2225 refer
1204 2143 1257 2233 (nt
1284 2167 1370 2211 nunc
1399 2145 1466 2210 vul-

318 2256 429 2337 gatam
458 2251 599 2318 formam
630 2251 772 2338 teneam)
801 2253 881 2318 Aen.
909 2252 982 2336 XII,
1013 2253 1069 2317 76:
1100 2252 1187 2318 houd
1214 2254 1346 2319 matum
1380 2252 1466 2337 apud

317 2357 501 2444 Vergilium
525 2382 590 2424 non
613 2361 719 2445 magis
748 2364 856 2426 exstat
879 2382 975 2445 quam
998 2358 1085 2427 baud
1106 2363 1274 2447 dudum*),
1303 2359 1359 2426 sed
1382 2360 1469 2425 houd

180 2513 186 2526 .
317 2466 417 2532 mdia
439 2465 519 2533 Aen.
538 2466 597 2552 111,
616 2469 689 2534 610.
712 2465 784 2553 XII,
803 2467 877 2547 506,
899 2467 985 2534 lmud
1006 2468 1132 2534 datam
1154 2469 1197 2534 ib.
1220 2467 1262 2554 ΙΙ,
1285 2467 1364 2533 359:
1388 2489 1464 2532 nam

318 2573 507 2640 Plautinum
533 2573 620 2640 houd
644 2575 761 2640 dudem
790 2575 975 2659 exemplum
1004 2574 1160 2640 ePcrsae
1184 2574 1241 2659 IV,
1264 2575 1294 2658 3,
1318 2575 1360 2640 28
1384 2572 1465 2640 Ver-

318 2682 448 2766 gilianis
472 2681 749 2766 disputationibus
777 2683 915 2748 mixtum
939 2703 1009 2747 esse
1032 2704 1148 2766 parum
1171 2682 1333 2748 credibile.
1379 2680 1465 2756 Quc-

318 2813 391 2856 rum
414 2789 636 2875 exemplorum
663 2790 754 2856 nullo
776 2789 840 2854 tou
863 2789 1002 2854 formam
1024 2789 1076 2854 vel
1099 2789 1267 2855 veterrimi
1289 2788 1364 2854 libri
1387 2808 1464 2852 mss.

318 2901 496 2962 servarunt.
543 2895 605 2962 Sed
629 2896 715 2981 apud
738 2895 890 2962 Plautum
913 2896 1075 2982 profecto,
1104 2895 1207 2961 sicubi
1231 2897 1376 2979 servant,
1399 2915 1464 2958 non

319 3027 389 3070 esse
413 3004 545 3070 anobis
565 3003 817 3070 oblitterandam
836 3003 1051 3090 intellegitur:
1075 3004 1131 3069 ubi
1150 3008 1268 3083 tamen,
1292 3002 1355 3067 etsi
1373 3024 1464 3067 num-

318 3134 416 3196 quam
440 3116 516 3178 entc
540 3111 684 3177 vocalem
707 3111 784 3196 tou,
815 3115 850 3176 at
877 3132 974 3194 saepe
1002 3111 1070 3176 sive
1092 3110 1179 3176 houd
1199 3109 1268 3174 sive
1290 3108 1368 3173 taut
1390 3111 1464 3173 ante

319 3222 552 3284 consonantem
579 3219 614 3284 in
636 3217 854 3284 Ambrosiano
882 3218 1040 3303 scriptum
1069 3239 1138 3283 esse
1165 3239 1232 3284 non
1260 3221 1311 3282 est
1337 3216 1465 3282 mirum.

318 3323 413 3390 Nunc
440 3327 550 3390 autem
578 3323 689 3390 beabit
717 3325 815 3390 etiam
839 3324 878 3389 de
902 3321 1041 3390 Charisii
1066 3323 1251 3391 obscuriore
1274 3323 1464 3389 testimonio

318 3432 437 3497 rectius
461 3455 559 3518 quam
583 3430 688 3496 adhuc
711 3430 835 3497 factum
859 3434 909 3496 est
931 3429 1141 3518 iudicarc**),
1169 3432 1259 3496 cuius
1282 3429 1363 3496 haec
1386 3432 1463 3496 sunt

317 3543 394 3622 post
418 3539 547 3604 brevem
566 3538 604 3604 de
623 3541 677 3605 scd
696 3539 858 3625 particula
876 3538 1131 3626 disputationem
1150 3539 1249 3603 verba
1266 3537 1322 3604 lib.
1341 3537 1358 3603 I
1376 3562 1407 3622 p.
1422 3537 1463 3602 87

320 3646 451 3730 [112,8
475 3644 544 3728 K.]:
573 3645 686 3713 ‘Hoecd
712 3649 861 3713 similiter
888 3649 910 3713 d
935 3646 1049 3714 littera
1075 3647 1283 3712 terminatur:
1311 3666 1354 3711 cu
1378 3645 1464 3712 euim

319 3773 435 3837 graeca
458 3775 521 3820 uox
544 3757 567 3821 d
586 3755 699 3821 littera
717 3755 902 3836 termina[ri
920 3755 1004 3839 apud
1023 3755 1189 3841 antiquos]
1209 3753 1324 3838 coepit,
1347 3752 1464 3837 quibus

318 3871 389 3926 mos
418 3865 487 3927 erat
515 3863 537 3927 d
561 3862 722 3944 litt[eram
750 3861 912 3943 omnibus]
942 3883 1045 3946 paene
1068 3863 1202 3928 uocibus
1225 3859 1331 3926 uoceli
1353 3859 1465 3925 littera

321 4007 436 4014 —...-.
443 4007 532 4016 -——.

411 4075 437 4143 *)
457 4072 510 4143 [Ex
529 4071 704 4128 addendis
727 4091 754 4142 p.
774 4085 903 4130 cccxxv:
929 4071 1019 4142 ‘qnod
1037 4073 1133 4128 innota
1154 4073 1230 4128 baud
1256 4073 1360 4128 dudum
1378 4071 1465 4128 verbe

319 4164 427 4218 exstare
446 4162 521 4233 apud
539 4161 695 4234 Vergilium
714 4162 829 4232 negavi,
853 4161 907 4217 etsi
925 4177 989 4218 vere
1007 4161 1123 4234 negent,
1146 4163 1243 4219 temen
1261 4162 1397 4218 excidisse
1415 4177 1464 4232 po-

318 4249 375 4306 tius
398 4250 506 4321 aliquid
528 4251 557 4305 in
579 4249 717 4306 Victorini
743 4249 836 4306 verbis
860 4269 934 4307 nunc
961 4250 1052 4308 video.
1089 4252 1149 4307 Nec
1176 4251 1251 4307 enim
1278 4250 1464 4307 dubitandum

318 4341 430 4396 videtur
448 4342 515 4411 quin
533 4341 569 4395 ad
587 4343 655 4396 Aen.
674 4341 709 4407 X,
727 4345 778 4394 599
797 4340 996 4410 grammaticus
1016 4341 1163 4410 spectarit:
1189 4343 1265 4396 baud
1282 4341 1378 4410 (immo
1396 4342 1463 4410 tou)

319 4431 389 4485 rusa
407 4431 545 4499 amoma]
680 4415 690 4426 “
1134 4415 1138 4424 ’

391 4521 436 4589 **)
456 4519 507 4590 [Of.
527 4519 597 4574 Nov.
617 4535 674 4575 exc.
694 4518 786 4575 Plaut.
806 4521 818 4573 l
837 4538 864 4589 p.
883 4521 963 4588 leq]
