3332 5074
323 401 389 464 442
610 413 872 465 rsonsaonsns
895 415 943 461 na
967 414 1179 463 aaaronrnvs

411 559 529 624 Restat
552 562 588 624 ut
611 558 766 624 theticam
790 558 954 643 syllabam
977 556 1203 624 trochaeorum
1222 557 1468 644 iamborumque

323 687 439 751 negem
461 666 565 732 ullum
589 687 743 750 umquam
767 663 893 730 hiatum
917 661 995 750 (nisi
1015 664 1061 730 eis
1080 687 1161 748 quas
1180 664 1222 730 ab
1240 664 1333 730 initio
1352 665 1467 749 capitis

322 773 461 838 tractavi
484 769 743 857 condicionibus)
767 772 936 856 recepisse,
960 771 1029 836 sive
1053 771 1143 836 illam
1168 772 1268 857 longa
1291 770 1359 835 sive
1377 771 1466 837 brevi

323 879 426 946 vocali
449 880 665 944 terminatam.
711 878 796 944 Nam
824 878 884 943 hos
907 879 1018 944 hiatus
1047 879 1101 963 qui
1125 878 1354 943 deosculantur
1378 883 1411 944 et
1434 879 1467 944 in

323 987 396 1051 sinu
423 986 550 1070 fovent,
583 991 661 1052 sunt
688 986 723 1051 hi
751 986 801 1050 illi
829 986 893 1070 ipsi
917 983 1132 1068 ‘licentiarii'‚
1166 1007 1246 1070 qnos
1275 1007 1374 1068 supra
1403 985 1466 1050 dixi

323 1093 363 1158 ad
387 1114 457 1158 eam
477 1093 707 1179 perfectionem
726 1092 913 1158 incohatam
933 1092 974 1158 ab
994 1092 1067 1156 aliis
1088 1091 1269 1158 doctrinam
1288 1091 1467 1176 adduxisse,

322 1205 359 1266 ut
381 1201 506 1266 nullum
529 1223 641 1266 versus
665 1200 773 1265 locum
796 1221 862 1264 non
887 1198 1058 1264 admittere
1077 1197 1203 1264 hiatum
1222 1197 1375 1264 dicerent.
1406 1199 1467 1276 Qui

322 1307 464 1372 viderint
491 1329 531 1373 ne
562 1307 602 1372 ab
633 1307 679 1370 eis
710 1307 892 1391 vincantur,
925 1306 979 1390 qui
1009 1327 1075 1371 non
1103 1305 1252 1370 serendos
1281 1327 1352 1370 csse
1375 1305 1466 1372 biatu

322 1418 468 1480 carentes
492 1436 604 1479 versus
628 1409 881 1478 demonstraturi
905 1413 980 1478 sint.
1026 1411 1108 1477 Cum
1131 1412 1319 1478 taeterrimo
1343 1413 1378 1478 in
1401 1413 1467 1478 arsi

321 1521 414 1585 hiatu
438 1543 505 1587 non
528 1522 634 1607 magis
658 1519 863 1586 tolerabilem
886 1518 1043 1585 theticum
1066 1519 1140 1584 libri
1159 1518 1285 1584 sociant
1303 1520 1465 1605 contiguis

205 1683 211 1695 .
321 1627 502 1692 Trinummi
525 1628 672 1693 versibus
697 1623 808 1712 54o*).
832 1623 969 1712 539**):

411 1769 490 1836 Sues
514 1771 695 1837 moriuntur
718 1770 840 1855 ingina
862 1769 1040 1835 acerrume:

409 1875 495 1944 Nam
519 1877 695 1963 fulguritae
719 1880 796 1943 sunt
818 1876 959 1942 alternae
981 1875 1124 1940 arbores.

321 2020 424 2097 Quem
452 2043 529 2086 cave
556 2020 607 2084 his
635 2020 790 2105 exemplis
814 2019 980 2086 defensum
1004 2039 1058 2082 eus
1082 2017 1200 2102 Amph.
1222 2017 1252 2101 Ι,
1278 2019 1306 2103 1,
1331 2019 1393 2084 119
1405 2017 1466 2106 **).

321 2126 438 2194 Bacch.
462 2129 509 2212 ll,
531 2129 562 2212 3,
587 2127 719 2214 13***);

408 2267 477 2334 Nic
500 2269 630 2356 iugulas
653 2291 757 2354 neque
781 2271 963 2354 uesperugo
986 2271 1088 2374 neque
1111 2268 1266 2354 uergiliae
1287 2267 1447 2334 decidunt:

411 2375 473 2452 Qui
496 2375 562 2441 illic
586 2375 736 2442 sacerdos
760 2379 810 2442 e'st
833 2375 955 2441 Dianae
977 2374 1156 2461 Ephesiae:

249 2537 306 2580 ccv
321 2519 358 2581 ut
380 2517 413 2581 in
437 2518 553 2602 quibus
577 2519 818 2584 excusationem
843 2541 862 2582 a
883 2518 1016 2586 nomine
1037 2517 1171 2603 proprio
1184 2515 1220 2604 †)
1244 2516 1333 2603 (nam
1356 2517 1464 2601 ipsum

319 2624 467 2706 serpitius
500 2629 550 2689 est
580 2647 639 2709 pro
672 2622 819 2711 proprio)
851 2624 960 2689 hiatus
994 2625 1126 2710 habeat,
1156 2629 1193 2690 ut
1220 2626 1254 2690 in
1280 2625 1466 2709 Esquilinae
1556 2663 1562 2672 ·

320 2730 409 2828 alites
439 2727 511 2814 (oui
541 2753 606 2797 non
637 2731 866 2797 conferendum
897 2732 1019 2816 dispari
1049 2732 1176 2797 ratione
1207 2733 1313 2797 nitens
1344 2731 1465 2796 insulae

321 2835 436 2922 Ionio).
482 2837 594 2922 Neque
623 2839 708 2903 enim
737 2861 773 2902 oc
800 2838 997 2923 diphthongi
1024 2843 1174 2904 naturam
1202 2838 1355 2903 habuisse
1379 2837 1464 2923 quod

320 2947 546 3028 aspernaretur
574 2945 640 3009 sive
668 2925 836 3010 elisionem
866 2946 932 3010 sive
960 2946 1207 3031 synaloepham,
1239 2945 1289 3010 cui
1317 2943 1464 3028 opinioni

319 3052 426 3116 favere
450 3053 611 3117 malumno
629 3051 767 3118 hircana
789 3051 870 3118 illud
893 3051 988 3117 facile
1012 3051 1167 3136 videatur,
1190 3075 1262 3117 cum
1273 3050 1464 3138 Vergiliana
1494 3133 1497 3140 Ι

322 3159 498 3242 Tyrrirercue
524 3161 604 3224 aaa
634 3164 667 3224 et
696 3165 774 3226 totae
800 3161 876 3226 odeo
903 3181 1066 3226 contrusae
1092 3161 1173 3226 acha
1196 3159 1371 3225 ostendunt
1392 3163 1462 3224 tum

300 3263 544 3330 .Plautinorum
576 3267 748 3332 multitudo
781 3267 1003 3352 exemplorum
1040 3267 1160 3352 arguit:
1196 3267 1314 3331 incolae
1344 3267 1463 3332 aoeoue

318 3372 456 3438 dduosoc
478 3394 581 3438 omnes
604 3373 677 3437 Aul.
700 3373 759 3457 III,
784 3377 811 3458 1,
834 3375 941 3457 11111111
963 3397 984 3438 a
1006 3374 1094 3439 Tria.
1117 3374 1192 3456 471,
1212 3374 1339 3457 phrbrae
1360 3395 1398 3440 crs
1420 3373 1464 3439 ib.

319 3479 398 3562 541,
431 3479 549 3562 ptoriuc
571 3485 627 3544 aut
649 3481 727 3563 829,
761 3481 913 3563 procellae
940 3483 1079 3564 infensas
1102 3481 1181 3565 836,
1218 3482 1381 3546 maiorue
1402 3501 1484 3546 esser

322 3585 415 3669 1018,
437 3591 560 3650 nostroe
581 3588 669 3652 aedes
689 3587 784 3667 1080,
807 3586 939 3674 111111)
975 3587 1054 3655 (lum
1080 3588 1152 3653 istis
1176 3591 1293 3672 autem,
1315 3587 1463 3671 ucrpilioc

425 3813 450 3882 ⁸)
470 3813 523 3885 [01
544 3816 638 3870 annot.
663 3816 699 3870 ad
718 3817 793 3870 huuc
811 3833 922 3871 versum
940 3817 970 3870 iu
989 3817 1031 3870 ed.
1051 3816 1100 3872 slt.
1120 3819 1149 3872 et
1166 3817 1253 3888 praei.
1273 3835 1299 3888 p.
1320 3815 1458 3886 havisa]

409 3901 450 3973 ⁸*)
469 3902 523 3975 [01.
542 3903 614 3958 Nor.
634 3919 691 3959 exc.
710 3903 801 3962 Plaut.
822 3905 835 3958 1
853 3923 880 3975 p.
902 3908 974 3976 118]

393 3992 451 4062 m)
473 3992 524 4064 [01.
546 3993 615 4048 Nor.
635 4009 693 4048 exo.
713 3993 804 4048 Plaut.
823 3995 837 4048 1
855 4011 881 4064 p.
900 3999 951 4048 114
961 3995 1035 4066 squ]

424 4085 452 4151 †)
472 4081 546 4148 Quid
559 4081 678 4150 intersit,
697 4099 760 4136 cum
779 4098 864 4152 supra
882 4099 909 4152 p.
920 4096 1046 4138 omvn
1061 4083 1139 4156 [118]
1158 4083 1216 4139 dixi
1234 4083 1343 4140 nullum
1365 4084 1402 4140 ab
1420 4083 1461 4139 in-

318 4171 447 4240 sequenti
460 4171 615 4240 Epipnome
627 4167 739 4225 nomine
754 4168 961 4225 excusationem
975 4170 1141 4241 productum
1155 4173 1249 4242 apitiir
1268 4172 1379 4242 habers,
1407 4190 1463 4228 uon

318 4259 415 4314 videor
433 4260 573 4330 explicare
590 4259 702 4314 debere.
720 4289 755 4300 -
775 4259 905 4314 Ceterum
924 4259 1078 4330 scripturae
1100 4259 1130 4315 iu
1148 4260 1362 4332 Amphitruonis
1381 4277 1461 4316 versu

317 4348 508 4420 integritatem
527 4348 615 4404 Varro
634 4349 756 4403 testatur
773 4347 807 4402 de
826 4347 844 4402 1
864 4348 882 4404 l.
902 4348 949 4418 Vl,
968 4356 984 4405 6
1003 4351 1033 4404 11
1050 4349 1153 4405 iterum
1171 4350 1281 4418 v11‚so
1301 4351 1343 4422 [at
1362 4349 1461 4406 Festus

317 4454 343 4506 p.
364 4437 437 4510 388]

407 4529 453 4592 11)
478 4525 720 4590 Quemadmodum
745 4523 831 4597 igitur
851 4529 880 4581 et
899 4523 1044 4583 elisionem
1064 4529 1093 4582 11
1110 4529 1143 4582 ut
1160 4543 1245 4598 snpra
1262 4526 1382 4582 diximus
1401 4543 1459 4583 oor·
