3332 5074
527 403 793 454 nnnunnrronrs
817 403 1026 453 rnavrmsn.
1285 385 1349 452 442

205 548 278 614 dem
297 550 425 615 circiter
444 549 688 634 qninquaginta,
711 549 848 614 totidem
866 553 974 614 autem
994 547 1167 634 septenarii
1187 547 1351 632 trochaici,

205 656 239 721 in
264 656 380 742 quihus
403 655 460 720 illa
482 656 534 720 lex
558 654 641 741 (sive
664 655 862 740 elegantiam
886 655 991 721 dicere
1015 651 1183 740 malueris)
1206 676 1271 720 non
1292 656 1349 720 mi·

204 784 266 826 uus
295 784 392 847 quam
419 761 619 826 in·senariis
647 762 765 846 valuit,
798 763 833 827 in
865 763 929 826 fine
958 784 1069 828 semus
1097 761 1241 826 iambum
1275 765 1350 826 ante

205 869 349 934 iambum
378 870 558 954 receperint
584 867 630 956 (h.
655 892 680 934 e.
705 870 906 934 senariorum
929 891 1005 954 pars
1029 869 1130 934 ferme
1154 868 1351 950 duodecima,

205 977 463 1060 septenariorum
487 976 614 1042 circiter
630 975 741 1062 nona),
764 981 874 1042 tamen
898 999 1029 1061 perraro
1053 976 1179 1042 duobus
1202 974 1350 1040 iambicis

204 1083 370 1148 vocabulis
399 1083 477 1147 talis
505 1082 609 1148 exitus
637 1084 709 1166 fiat,
741 1104 919 1167 numquam
942 1081 1091 1169 tribus.*)
1138 1082 1254 1167 Itaque
1277 1103 1350 1146 cum

206 1189 287 1254 nihil
311 1189 499 1254 offensionis
523 1189 666 1254 habeant
687 1189 784 1254 hercle
806 1190 948 1268 namus,
975 1191 1115 1256 scelc'stue
1137 1194 1194 1268 est,
1220 1189 1351 1272 fideicida

204 1299 239 1362 in
260 1299 357 1362 finem
381 1317 541 1379 versuum,
564 1318 759 1380 quamquem
782 1318 848 1362 non
867 1297 964 1362 nimis
984 1319 1089 1382 saepe,
1112 1297 1264 1378 admissa,
1286 1295 1351 1358 tria

207 1406 336 1468 tantum
363 1425 422 1489 per
445 1402 524 1467 duas
547 1403 676 1469 fabulas
700 1404 844 1488 integrae
867 1403 1093 1469 Trinummum
1117 1409 1150 1468 et
1173 1401 1350 1468 Bacchides

206 1510 355 1594 exempla
378 1515 508 1575 exstant
530 1509 728 1574 huiusmodi:
751 1532 825 1594 uper
845 1511 909 1591 suit
932 1510 985 1575 Tr.
996 1511 1071 1588 533,
1093 1510 1211 1574 malam
1234 1529 1351 1572 mercem

204 1616 247 1682 ib.
266 1617 340 1682 598.
369 1617 428 1683 Ba.
447 1618 512 1683 863
535 1617 636 1698 [9021.
683 1617 803 1694 Quales
827 1618 923 1702 pedes
948 1619 1064 1684 tertius
1088 1615 1216 1682 iambus
1239 1636 1280 1679 ne
1304 1615 1350 1679 sic

203 1724 334 1808 quidem
361 1724 550 1807 praecedere
579 1723 675 1808 solet,
707 1724 736 1788 is
764 1729 801 1789 ut
824 1747 888 1791 non
912 1725 1055 1790 iambica
1077 1745 1155 1790 voce
1178 1722 1349 1790 conclusus

204 1831 257 1914 sit,
280 1833 317 1894 ut
340 1828 393 1894 Tr.
418 1830 482 1896 533
511 1830 621 1912 cadius
647 1831 701 1895 ille
722 1832 795 1914 ape'r
820 1829 958 1917 suit**):
990 1831 1093 1896 multo
1117 1830 1218 1915 igitur
1239 1830 1349 1893 minus
1364 1851 1436 1892 ccxr

205 1937 240 2001 hi
267 1936 396 2001 ordines
424 1936 616 2021 placuerunt
642 1955 687 1986 w
703 1935 708 2003 l
723 1955 768 1988 or
786 1938 789 2002 l
805 1955 868 2022 02,
902 1942 939 2002 ut
965 1939 1048 2002 malo
1074 1937 1153 2018 sarit
1177 1955 1241 2000 suo.
1288 1932 1350 1998 Sed

203 2065 261 2108 nec
295 2044 336 2107 ab
365 2042 428 2108 hac
458 2047 550 2127 parte
581 2065 639 2108 nec
671 2065 690 2106 a
717 2044 865 2129 neglecto
894 2049 1028 2110 accentu
1056 2047 1186 2128 praeter
1213 2042 1282 2124 illa,
1315 2046 1351 2104 ut

90 2163 92 2170 ’
204 2149 287 2214 aaa
308 2149 470 2230 feritam,
494 2147 576 2213 haec
599 2171 664 2233 qua
687 2151 773 2214 infra
795 2151 889 2234 posui
913 2151 1099 2234 improbata
1123 2154 1214 2232 sunt,
1237 2147 1360 2211 eadam·

204 2278 269 2340 qua
296 2255 354 2320 illa
381 2256 507 2320 ratione
531 2256 612 2320 satis
636 2256 782 2340 defensa,
819 2257 908 2322 Trin.
933 2258 1006 2324 733.
1045 2257 1160 2321 Bacch.
1187 2255 1260 2320 120.
1283 2254 1347 2318 222

110 2443 114 2452 1
139 2387 143 2402 ·
207 2364 295 2444 [202.
318 2364 408 2444 254].
441 2361 554 2446 Mill,
581 2364 607 2446 1,
626 2363 677 2428 30.
706 2362 821 2428 Bacch.
841 2365 906 2429 316
931 2364 1039 2445 [349];

299 2556 707 2570 .......
761 2507 859 2590 penes
882 2528 934 2570 me
958 2505 1097 2570 haberim
1122 2505 1209 2570 domi

300 2663 306 2677 .
366 2664 373 2676 .
566 2663 572 2676 .
633 2663 639 2676 .
699 2663 706 2676 .
759 2613 823 2676 citd
848 2611 995 2677 Samidm
1018 2613 1101 2678 solet

300 2770 707 2784 .......
761 2720 874 2804 edepol
898 2723 986 2786 certd
1011 2721 1077 2786 scio

204 2847 416 2854 —————.

298 2913 323 2983 *)
344 2913 397 2984 [Ex
415 2911 588 2967 Addendis
607 2931 634 2983 p.
653 2927 820 2969 cccuvm:
841 2913 963 2970 ‘Bentlei
982 2913 1185 2981 observatione,
1204 2911 1281 2968 cuius
1300 2911 1349 2967 ille

204 3003 291 3059 etiam
314 3003 344 3057 in
360 3001 486 3057 Terentii
504 3001 700 3058 emendatione
718 3021 872 3074 numquam
891 3020 947 3058 uon
965 3019 1072 3058 memor
1089 3001 1155 3072 luit,
1179 3017 1235 3056 non
1252 3001 1349 3072 paucis

203 3091 233 3146 iu
250 3091 321 3148 locis
340 3109 404 3146 cum
422 3091 514 3146 fructu
531 3093 625 3160 utare,
650 3091 680 3147 in
699 3091 814 3162 quibus,
834 3095 927 3148 utrum
946 3109 961 3147 e
980 3091 1203 3162 discrepantibus
1222 3090 1349 3146 codicum

204 3180 373 3237 testimoniis
391 3168 528 3250 praestet,
552 3180 654 3236 dubius
676 3181 802 3236 haereas.
839 3182 925 3237 Velut
948 3197 1005 3235 una
1026 3181 1080 3236 hac
1103 3197 1146 3249 re,
1170 3179 1246 3248 quod
1267 3195 1349 3248 spon·

205 3270 288 3324 deum
307 3269 419 3338 quintus
437 3286 487 3339 pes
505 3270 626 3324 trimetri
645 3287 697 3341 pro
715 3271 810 3325 iambo
829 3269 945 3338 obtinet,
966 3271 1093 3340 praestat
1110 3269 1184 3324 Trin.
1204 3286 1229 3324 v.
1245 3275 1278 3322 33
1298 3285 1346 3322 me·

206 3363 260 3412 tere
286 3375 393 3412 messem
418 3375 574 3414 maceniam
600 3377 667 3430 prae
693 3359 837 3415 tralaticia
862 3360 1010 3415 verborum
1034 3357 1219 3413 collocatione
1242 3373 1349 3411 messem

205 3451 300 3501 metm
317 3446 509 3517 maxumam’]

294 3531 336 3604 ¹⁸⁸)
359 3537 453 3603 Atque
476 3537 546 3590 haec
569 3555 668 3593 mussa
689 3539 746 3594 fnit
767 3557 816 3594 cnr
835 3556 919 3609 supra
942 3535 1161 3608 p.cx111[864]
1182 3535 1349 3590 reicerernus

205 3625 279 3679 hune
293 3640 388 3679 versus
402 3623 507 3679 exitum
520 3626 620 3692 [atara
629 3634 703 3694 suat,
717 3631 808 3684 tumen
820 3630 924 3682 emant:
938 3627 1104 3697 praesertim
1118 3625 1269 3682 accedente
1282 3625 1348 3680 ante

204 3712 331 3784 geminos
349 3711 458 3768 iambos
476 3713 708 3784 interpunctione.
746 3717 806 3771 Nec
824 3717 927 3770 mirum
945 3716 1016 3772 talia
1032 3732 1090 3770 non
1108 3715 1261 3786 placuisse,
1286 3731 1349 3768 com

204 3819 239 3858 ne
253 3803 323 3858 haee
339 3803 453 3874 quidem
468 3803 565 3859 crebra
579 3804 644 3873 sint,
663 3804 692 3858 in
712 3805 812 3875 quibus
830 3809 888 3860 tres
906 3822 936 3860 se
954 3804 1041 3859 iambi
1059 3804 1204 3875 excipiunt
1222 3803 1349 3858 iambicis

204 3890 349 3946 vocabulis
367 3909 422 3946 non
441 3891 554 3961 inclusi,
574 3893 607 3947 nt
624 3895 714 3948 adeste
732 3911 793 3949 cum
811 3895 920 3948 altardo
938 3911 964 3948 v.
984 3900 1031 3960 22,
1051 3895 1115 3948 dene
1132 3894 1218 3948 hercle
1235 3890 1350 3945 astutias

205 3987 248 4048 59,
267 3984 345 4050 ipsas
363 3983 395 4037 irs
409 3981 560 4036 Selesicr'am
579 3989 640 4051 112,
657 3984 711 4050 fide
729 3989 753 4037 et
770 3983 891 4051 fiduciae
906 3989 966 4038 117.
984 3989 1043 4050 142,
1062 3983 1218 4037 maritumis
1235 3979 1350 4049 mepdtir's

204 4073 265 4137 ³31,
279 4071 344 4138 pati
362 4086 447 4138 neque
464 4070 546 4124 alleri
564 4075 625 4140 ³52,
643 4073 754 4140 reppmi
771 4073 909 4141 areptitium
928 4077 989 4141 389,
1008 4071 1221 4126 drachmarum
1235 4062 1349 4137 olglmpr'·

204 4173 266 4211 cam
284 4163 349 4229 425,
368 4175 418 4213 sao
432 4161 542 4227 peculio
561 4165 626 4213 484:
655 4175 728 4228 qnae
746 4159 843 4216 decem
863 4163 929 4215 sunt
946 4159 976 4213 in
995 4156 1205 4229 quadringentis
1224 4156 1349 4211 versibus

204 4247 341 4318 exempla
374 4247 437 4302 Non
456 4246 585 4302 dubitavi
603 4247 700 4318 igitur,
718 4248 767 4304 ubi
785 4250 862 4320 optio
881 4249 949 4304 dats
967 4251 1037 4315 erat,
1057 4243 1106 4317 qai
1122 4247 1173 4300 heis
1190 4245 1258 4300 mebi
1275 4245 1351 4300 dedit

204 4338 336 4406 meracas
353 4335 494 4406 praeiens
511 4351 580 4405 prae
598 4337 648 4404 qai
664 4337 714 4390 lais
727 4337 803 4392 dedit
816 4339 855 4392 mi
868 4338 1000 4408 epistulas
1013 4355 1040 4390 v.
1050 4340 1112 4390 874.
1131 4335 1203 4405 [Hoc
1217 4333 1349 4390 Psendnli

204 4442 230 4481 v.
250 4431 301 4479 691
320 4442 385 4480 cum
402 4426 430 4479 B
449 4425 529 4480 dedit
546 4423 716 4479 Ritschelius
734 4427 764 4480 et
781 4423 938 4480 Trinummi
957 4426 1048 4480 versui
1066 4423 1233 4489 vindicavitr
1252 4423 1302 4478 sed
1320 4423 1350 4478 in

204 4513 247 4569 ed.
267 4514 316 4569 alt.
336 4515 404 4568 milri
421 4515 496 4570 dedit
514 4512 660 4585 reposuit]
