3338 5072
285 381 350 448 324
573 401 830 450 rnoosoonnna
854 401 902 448 ns
926 399 1135 450 uariorunvs

283 543 399 609 borum
422 544 501 610 ordo
526 568 552 612 v.
573 547 614 612 88
633 547 710 611 scire
731 547 829 629 apro,
852 546 918 612 325
940 547 1065 612 ueniom
1088 547 1163 610 dore
1185 546 1258 624 iam,
1281 545 1346 610 376
1369 545 1432 610 ini·

282 650 329 716 bis
357 671 524 734 menum,
557 653 622 718 466
651 657 685 717 tu
716 673 807 737 nune,
837 653 902 718 563
930 653 1081 736 quiritis
1108 653 1251 736 mortua,
1282 651 1366 716 1049
1394 671 1432 716 cn

282 778 403 822 eonem:
431 764 464 824 et
491 764 600 826 tamen
628 758 758 824 inverso
785 760 865 824 haee
893 759 1004 825 ordine
1031 781 1097 826 non
1125 759 1233 824 minus
1261 759 1430 824 commodo

282 865 380 930 scribi
408 864 618 932 Ambrosiam
647 867 826 932 auotoritas
855 867 990 932 iubebat
1020 869 1108 949 cupio
1139 868 1229 950 seire,
1260 867 1335 932 dare
1365 865 1431 928 ium

280 973 408 1036 ueniam
432 971 484 1054 [cf.
507 995 537 1056 p.
557 975 706 1057 convr1]‚
732 994 887 1038 scammum
910 973 1018 1058 inibis,
1044 993 1127 1038 nunc
1150 978 1196 1052 tu,
1224 973 1301 1056 quid
1321 971 1370 1036 tic
1387 977 1431 1036 eal
1547 1029 1550 1034 .

282 1080 406 1164 troctas,
429 1101 533 1146 eorum
551 1077 641 1167 en*):
664 1082 850 1166 pariterque
869 1104 898 1147 r.
917 1082 962 1146 20
984 1102 1039 1146 uos
1060 1081 1124 1160 hoc,
1148 1081 1213 1146 765
1231 1081 1297 1144 rom
1315 1079 1431 1161 atquo

282 1187 411 1269 [aliquis
437 1189 503 1252 rom
532 1185 662 1272 Trin.¹]‚
693 1191 726 1253 et
754 1187 818 1253 levi
842 1188 1021 1272 scripturae
1044 1189 1233 1254 diversitate
1258 1185 1429 1251 accedente

280 1295 425 1359 inuenies
447 1291 616 1377 hemfoqto
639 1296 707 1378 tuo)
734 1317 793 1379 pro
816 1295 956 1377 decemo
978 1296 1123 1361 inuenies
1146 1301 1198 1359 too
1219 1316 1249 1360 v.
1274 1291 1429 1379 1051**),

279 1400 369 1466 henco
390 1402 525 1466 hominis
545 1403 618 1482 fecit
640 1424 699 1486 pro
720 1402 799 1481 facit
819 1401 908 1466 homo
931 1401 1066 1467 ummo
1088 1425 1117 1468 v.
1136 1402 1235 1466 1069:
1260 1401 1292 1466 in
1311 1400 1427 1486 quibua

281 1508 433 1572 omnibus
456 1508 634 1573 necessitas
656 1509 889 1591 transponendi
912 1507 1001 1574 nulla
1023 1513 1182 1593 apparet(

370 1615 476 1700 Atque
504 1614 565 1680 hae
593 1615 737 1700 quidem,
764 1637 845 1700 quas
873 1637 932 1701 per
959 1636 1079 1701 genera
1112 1637 1171 1681 sua
1193 1615 1336 1682 breviter
1358 1636 1429 1699 per·

279 1723 403 1806 censui,
435 1721 673 1806 discrepantiae
705 1723 752 1787 ita
784 1727 990 1807 comparatae
1020 1726 1096 1788 sunt
1125 1744 1253 1806 omnes,
1285 1726 1322 1786 ut
1353 1743 1428 1785 oon·

280 1828 389 1893 silium
418 1828 549 1914 aliquod
577 1829 756 1914 corrigendi
783 1852 825 1894 ne
851 1829 1019 1895 levissimo
1048 1828 1176 1914 quidem
1204 1827 1324 1893 indicio
1353 1850 1428 1912 pro-

186 1965 265 2006 axvr
278 1934 371 2019 dant,
407 1936 463 2000 sed
500 1935 608 2002 solitis
643 1934 884 2020 depravationis
924 1936 985 2001 riis
1017 1939 1114 2000 natae
1147 1957 1216 2000 esse
1249 1935 1426 1999 videantur.

280 2041 351 2119 Quo
375 2043 500 2107 cautius
523 2040 562 2105 de
586 2041 791 2126 gravioribus
815 2042 1007 2127 quibusdam
1028 2041 1314 2123 iudicandumest,
1336 2039 1427 2106 velut

279 2168 352 2214 oum
376 2171 403 2214 v.
428 2149 470 2215 88
494 2171 553 2234 pro
577 2147 644 2232 his,
671 2146 733 2212 Sed
759 2148 838 2214 minc
865 2150 966 2231 nepoti
991 2150 1069 2212 seire
1090 2149 1179 2230 cupio
1201 2149 1352 2230 quinquin
1372 2153 1425 2230 est,

277 2254 363 2320 idem
387 2255 623 2321 Ambrosianus
646 2253 709 2320 Sed
729 2256 807 2321 istuc
829 2258 930 2338 nepoti
951 2257 1039 2338 nepio
1061 2257 1138 2321 scire
1158 2256 1236 2338 quid
1255 2256 1313 2320 sset
1333 2276 1424 2339 prae·

278 2361 347 2446 bet,
383 2362 436 2427 vel
470 2363 532 2427 747
565 2361 687 2426 Eadem
723 2363 830 2427 omaro
862 2363 954 2427 istaec
984 2383 1042 2446 pro
1075 2362 1162 2427 Nom
1192 2361 1289 2427 hercle
1320 2362 1425 2426 maro

276 2469 369 2533 aaa
397 2469 457 2550 [sic
484 2465 608 2551 trinit
660 2467 721 2536 Sed
751 2470 893 2555 aliquam
922 2491 1000 2534 sane
1030 2469 1293 2554 interpolationis
1322 2468 1424 2552 suspi-

277 2574 400 2639 tionem
427 2574 523 2640 faeile
550 2575 609 2640 illa
637 2579 803 2660 moveant,
834 2597 915 2660 quae
944 2599 961 2641 e
989 2597 1025 2641 u..
1041 2577 1114 2642 214.
1138 2577 1204 2642 502
1232 2575 1296 2640 iam
1326 2596 1426 2658 supra

277 2681 463 2747 attulimus:
493 2682 637 2765 bonoque
658 2685 803 2748 oronnae
829 2683 971 2747 omnibus
993 2686 1027 2747 et
1048 2684 1125 2765 quin
1147 2683 1181 2746 di
1207 2683 1279 2747 tene
1300 2686 1428 2746 omioni

278 2787 330 2869 [os.
358 2811 388 2874 p.
412 2787 469 2853 LX
497 2787 621 2875 (319)]‚
653 2812 734 2875 quae
768 2811 810 2856 ne
843 2793 1019 2874 potuerunt
1046 2789 1176 2875 quidem
1205 2789 1252 2854 sic
1279 2788 1379 2854 scribi
1405 2810 1426 2853 a

278 2899 384 2978 poeta.
408 2894 479 2972 Quo
493 2897 602 2962 nescio
621 2919 663 2962 an
679 2896 777 2962 etiarn
794 2895 875 2962 illud
893 2895 1055 2980 quispiam
1072 2895 1202 2980 referat,
1218 2895 1303 2980 quod
1318 2917 1347 2960 r.
1360 2895 1422 2960 841

277 3002 367 3068 iuxta
390 3002 498 3087 posita
521 3008 598 3070 sunt
620 3009 694 3086 apol
716 3007 750 3069 et
767 3005 857 3086 perit.
894 3001 1000 3068 Maior
1022 3003 1120 3069 etiam
1144 3001 1314 3068 dubitandi
1334 3000 1424 3065 locus

276 3109 310 3174 in
332 3132 364 3176 v.
386 3109 451 3176 328
475 3115 539 3175 est:
562 3110 619 3195 qui
643 3132 716 3175 oum
740 3131 757 3174 e
779 3109 941 3176 Palatinis
966 3111 1012 3175 sio
1036 3110 1198 3196 vulgetur:

368 3249 456 3317 Bene
480 3253 556 3317 uolo
579 3274 640 3339 ego
663 3252 713 3318 illi
735 3253 857 3338 facere,
881 3253 909 3318 si
933 3257 969 3317 tu
992 3255 1058 3318 n6n
1081 3253 1182 3317 neuis.
1205 3249 1273 3316 PH.
1297 3249 1423 3332 Nempe

1131 3359 1170 3424 de
1193 3361 1259 3441 tuo,

275 3499 310 3564 in
333 3499 417 3566 hanc
441 3504 581 3588 speciem
605 3503 795 3570 immutatus
819 3503 853 3568 in
876 3502 909 3567 A
933 3506 1054 3568 exstat:

364 3661 454 3728 Bene
477 3663 553 3730 uolo
576 3664 626 3730 illi
648 3664 768 3749 ficere,
797 3665 861 3730 nisi
885 3669 920 3731 tu
943 3666 1010 3729 n6n
1032 3663 1083 3728 uis
1098 3659 1266 3745 ..Nempe
1289 3660 1330 3725 de
1351 3663 1421 3726 tuo.

275 3819 362 3886 Nam
389 3844 463 3886 oum
491 3823 525 3888 in
548 3823 610 3890 hoc
639 3847 733 3890 versu
755 3827 844 3890 mera
867 3824 967 3889 etiam
991 3823 1235 3909 antiquissimus
1257 3821 1312 3886 ille
1335 3821 1421 3906 glos·

275 3929 354 3994 sarii
381 3928 527 3996 Plautini
556 3934 695 4016 scriptor
723 3933 853 4018 legerit,
887 3931 926 3996 de
959 3953 1023 4016 quo
1054 3931 1161 4015 capite
1183 3927 1216 3994 lI
1245 3928 1325 4012 dixi,
1355 3949 1422 3993 non

274 4036 422 4120 profecto
459 4043 579 4106 temere
617 4040 688 4125 quis
722 4039 860 4104 coniciat
892 4061 931 4103 ex
959 4039 1248 4122 interpretamento
1280 4057 1343 4101 non
1373 4037 1423 4100 uis

276 4179 489 4192 ———-.

365 4249 391 4319 *)
412 4251 456 4322 [ln
475 4250 518 4306 ed.
538 4251 587 4304 alt.
606 4266 657 4319 pro
680 4265 771 4304 eorum
795 4265 829 4303 ex
847 4246 1018 4302 Ritscheliua
1042 4245 1112 4302 dicit
1134 4245 1292 4318 exspectari
1315 4261 1366 4300 rao
1389 4261 1422 4299 ee

275 4339 320 4393 vel
346 4339 418 4407 (sine
441 4343 485 4408 en)
513 4341 637 4408 ipsorum
664 4339 714 4396 aut
744 4343 851 4408 meopte,
880 4339 911 4390 ut
937 4336 974 4390 ad
1000 4335 1075 4392 idem
1102 4335 1260 4393 subiectum
1286 4334 1421 4390 referatur

270 4428 548 4586 W‘ffjlstmm
566 4516 679 4584 benficia
697 4521 745 4570 tuo
764 4513 862 4582 Trin.¹,
881 4513 915 4568 ci.
936 4512 1038 4583 Opusc.
1057 4511 1127 4583 phil.
1147 4513 1172 4568 11
1190 4530 1218 4584 p.
1239 4511 1313 4586 vla]
