3338 5072
308 402 374 466 346
597 417 855 468 rucanaouaun
878 419 925 466 mr
948 418 1157 467 armorumve

309 566 438 646 reperta
460 581 567 626 uermes
584 561 720 626 aalma:
740 561 820 641 facit
841 584 871 627 v.
896 560 970 642 707,
999 560 1048 625 vel
1073 561 1292 626 nominativos
1315 562 1456 644 pleraque

310 670 411 734 munis
433 668 485 751 29,
508 669 610 732 munis
632 668 773 733 mortulae
794 665 914 752 212.*)
931 704 970 713 —
995 667 1164 734 Postremo
1189 667 1342 753 quoniam
1366 690 1455 753 prae-

311 776 405 841 video
424 775 493 840 fore
512 774 567 859 qui
586 775 625 839 de
643 776 666 840 d
683 775 739 840 illo
755 773 996 860 ‘paragogico'‚
1018 776 1053 839 iu
1072 775 1156 859 quod
1180 775 1330 840 infestius
1353 797 1456 860 nuper

312 880 518 946 Hermanuus
542 881 706 946 consuluit
729 881 830 966 praef.
853 883 888 946 in
912 880 1028 948 Bacch.
1052 903 1084 966 p.
1106 881 1171 946 VH
1193 883 1227 947 in
1251 883 1386 968 ipsaque
1409 884 1455 948 fa·

312 989 407 1054 bulae
430 987 525 1053 huius
549 989 722 1067 διορθώεει,
746 987 898 1052 iudicium
919 1010 1025 1052 meum
1045 989 1263 1054 sciscitentur:
1287 990 1349 1054 etsi
1372 990 1456 1056 hano

246 1122 299 1162 xor
313 1117 381 1160 rem
406 1095 562 1179 quasdam
585 1093 705 1159 habere
728 1093 894 1159 cautiones
918 1099 1006 1179 puto,
1025 1116 1105 1180 quas
1129 1095 1209 1160 alibi
1231 1096 1384 1180 aperiam,
1408 1100 1455 1161 ta·

313 1225 386 1268 men
417 1202 598 1288 generatim
628 1201 754 1266 definiri
784 1200 846 1266 hoo
876 1205 985 1286 potest
1015 1206 1052 1267 ut
1081 1202 1391 1286 exploratissimum,
1422 1203 1457 1268 in

311 1309 498 1374 Plautinum
529 1313 632 1372 artem
663 1330 701 1373 er
733 1308 939 1393 antiquitatis
967 1309 1198 1373 consuetudine
1227 1309 1297 1373 sola
1323 1310 1457 1375 medat

313 1419 370 1482 ted
396 1417 589 1501 pronomina
617 1417 773 1481 transisse
799 1416 890 1481 nullo
918 1415 1056 1481 ablativi
1084 1415 1323 1500 accusativiquc
1346 1415 1456 1481 discri-

312 1523 407 1608 mine,
431 1523 513 1588 alius
537 1524 626 1588 vocis
650 1523 763 1588 eodem
785 1523 982 1588 incremento
1007 1527 1121 1588 auctae
1144 1523 1262 1588 nullius
1286 1523 1337 1588 vel
1359 1523 1456 1588 fidem

312 1630 362 1695 vel
392 1630 566 1716 vestigium
594 1653 678 1713 esse,
709 1653 749 1694 ne
777 1630 917 1714 gemella
945 1629 1072 1715 quidem
1100 1631 1153 1696 sed
1178 1630 1284 1696 forma
1313 1634 1456 1714 excepta.

313 1737 419 1814 Quam
442 1738 603 1802 rationem
626 1735 719 1801 unice
742 1757 853 1800 veram
875 1736 1055 1802 rectissime
1074 1736 1161 1802 idem
1180 1737 1234 1800 ille
1253 1735 1457 1802 Hermannus

311 1865 371 1929 per
383 1847 491 1909 totum
505 1843 750 1908 Elementorum
765 1842 885 1907 librum
900 1843 1040 1908 tenebat.
1063 1842 1101 1908 In
1116 1843 1305 1908 Trinummo
1321 1843 1458 1909 addendi

312 1953 504 2017 dcaussam
528 1973 592 2016 non
616 1949 727 2015 inveni
750 1954 879 2034 praeter
903 1952 952 2015 ted
974 1973 1001 2014 v.
1022 1951 1100 2014 311:
1125 1973 1262 2035 quocum
1286 1951 1325 2016 cf.
1349 1956 1459 2017 annot.

312 2082 341 2125 v.
365 2059 439 2126 582.
464 2058 590 2145 613.**)
636 2055 699 2122 Sed
723 2057 775 2122 his
800 2057 904 2122 sentio
929 2079 980 2122 mc
1004 2057 1069 2122 iam
1092 2058 1132 2122 ad
1155 2058 1338 2142 proximum
1362 2061 1459 2142 caput

313 2165 453 2232 avocari.

794 2271 905 2318 carvu
928 2252 984 2318 IX.

402 2396 562 2461 Peculiari
597 2396 684 2460 enim
719 2395 825 2479 capite
860 2395 964 2462 visum
993 2399 1043 2460 est
1071 2417 1173 2481 genus
1202 2417 1297 2461 omne
1325 2396 1458 2464 ortho-

316 2503 541 2589 graphicum
575 2503 687 2588 pauois
721 2501 901 2586 complecti.
954 2501 1045 2580 Quod
1076 2525 1148 2567 cum
1179 2503 1271 2568 valde
1299 2504 1458 2570 lubricam

312 2613 541 2677 tractationem
566 2611 599 2675 in
624 2611 789 2694 omnibus,
817 2615 887 2674 tum
911 2611 1018 2695 magis
1041 2611 1199 2675 lubricam
1223 2611 1258 2675 in
1280 2615 1347 2675 tam
1372 2613 1456 2676 anti-

313 2741 376 2804 quo
405 2718 563 2802 scriptore
591 2717 698 2782 habet.
745 2717 793 2780 Ac
822 2737 931 2781 veram
955 2715 1126 2780 Plautinae
1155 2718 1272 2782 aetatis
1297 2719 1458 2782 scribendi

313 2823 578 2890 consuetudinem
606 2824 661 2908 qui
692 2822 916 2888 ratiocinando
939 2822 1126 2907 indagatam
1150 2822 1311 2888 Plautinis
1335 2846 1458 2890 comoe-

313 2933 374 2996 diis
404 2953 489 2996 nuno
517 2930 689 2996 obtrudere
717 2931 882 3013 instituat,
905 2929 1080 2994 verendum
1104 2931 1147 2995 sit
1169 2953 1210 2995 ne
1233 2953 1298 2996 non
1322 2932 1458 2996 multum

315 3039 466 3112 absimile
494 3037 637 3103 Homero
665 3037 833 3123 Payniano
862 3041 1044 3102 monstrum
1072 3038 1215 3103 editurus
1245 3039 1295 3104 sit
1342 3037 1457 3116 Quam-

315 3167 412 3230 quam
440 3145 580 3208 vidimus
611 3145 666 3229 qui
691 3144 780 3208 velut
802 3143 854 3208 his
877 3148 1044 3227 tamquam
1068 3143 1234 3209 Musarum
1258 3145 1382 3210 deliciis
1407 3167 1457 3210 ve·

312 3251 473 3335 uariisque
497 3251 749 3316 amoenitatibus
772 3251 950 3335 legentium
975 3235 1079 3314 oeulis
1099 3251 1337 3318 blandirentur:

472 3375 622 3440 Floorem
646 3375 841 3460 aeglaabant
863 3371 1009 3438 Leiberei
1032 3397 1087 3439 ers
1112 3375 1311 3442 carchesieis.

472 3481 565 3566 Egoo
590 3501 724 3564 puerom
748 3480 857 3544 indam
883 3479 1001 3545 ancilai
1026 3479 1199 3544 lactentem
1223 3483 1316 3548 meai.

474 3587 556 3652 Tum
581 3591 688 3650 autem
713 3586 889 3651 lascciuom
913 3583 1049 3650 Neereei
1074 3587 1207 3652 eeimom
1233 3611 1338 3672 pecus.
1398 3613 1415 3643 ι

315 3713 376 3777 Sed
405 3713 456 3776 his
485 3712 592 3777 missia
624 3709 787 3776 Saliorum
816 3711 1030 3777 cruditatibus
1059 3711 1287 3798 horridulaque
1317 3719 1458 3779 senatus·

312 3821 533 3883 consultorum
567 3818 786 3881 sollemnitate
821 3818 1083 3882 columnarumve
1115 3820 1265 3903 robigine
1294 3820 1326 3884 id
1349 3822 1458 3905 potius

314 3948 448 4012 agamus
472 3929 521 4008 ut,
555 3925 681 4007 qualem
707 3924 873 4008 aliquanto
896 3925 1030 4008 politior
1053 3929 1142 3989 aetas
1166 3924 1315 3991 Plautum
1339 3927 1476 4012 legisse·

314 4033 476 4114 videatur,
508 4030 614 4114 quoad
638 4031 706 4094 eius
730 4031 799 4094 fieri
824 4031 931 4115 possit
955 4051 1188 4114 recuperemus,
1234 4031 1347 4116 Neque
1371 4033 1457 4098 enim

401 4170 426 4238 *)
447 4169 500 4241 [Cf.
519 4170 728 4224 Lachmannum
747 4170 776 4224 in
794 4169 875 4228 Lacr,
893 4187 921 4239 p.
941 4175 975 4224 56
1003 4171 1244 4241 Ritscheliumqne
1263 4171 1363 4242 Opusc.
1389 4172 1458 4242 phil.

312 4261 338 4313 Π
356 4259 648 4418 Ρῆῗὸἒέστωυὺαῑαω
666 4349 767 4417 postca
785 4347 954 4402 sententiam
969 4349 1004 4404 de
1019 4351 1038 4404 d
1051 4349 1101 4404 illo
1118 4347 1313 4419 ‘paragogioc’
1332 4349 1462 4405 defendit

312 4435 482 4489 Ritscbelius
500 4435 530 4488 in
550 4434 639 4488 ‘Neue
658 4433 847 4488 Plautinisebe
867 4435 1000 4490 Excurse'
1017 4437 1029 4489 I
1048 4437 1121 4506 Lips.
1139 4442 1208 4490 1869
1228 4439 1257 4490 et
1277 4437 1378 4507 Opusc.
1390 4437 1460 4507 phil.

312 4523 351 4576 111
370 4540 398 4592 p.
419 4529 470 4576 120
479 4541 539 4592 sqq.
577 4523 617 4576 Oi.
637 4541 663 4591 p.
683 4535 769 4576 cxcv.
790 4523 955 4592 conam]
