3318 5072
836 1343 908 1426 XI.

564 1515 644 1598 Duo
671 1515 961 1618 programmata
988 1515 1182 1598 Plautina.

858 1834 882 1900 Ι.

333 1978 560 2048 OANTIOVM
584 1975 778 2076 POENVLI
801 1976 1056 2042 PLAVTINAE
1080 1976 1409 2065 EMENDATVM.*)

262 2199 300 2239 111
390 2175 566 2240 Pristiuam
590 2172 854 2238 consuetudinem
877 2172 1036 2257 quandam
1060 2173 1241 2255 recolimus,
1264 2195 1336 2238 cum
1356 2196 1441 2238 seae-

302 2305 378 2349 mam
403 2282 587 2348 Plautinum
611 2280 703 2345 vobis
727 2281 938 2365 proponimus
949 2279 1009 2365 **)‚
1033 2281 1235 2346 emendatam
1259 2278 1350 2343 illum
1374 2279 1442 2364 qui·

471 2372 482 2395 .

409 2491 435 2561 *)
456 2491 644 2564 [Prooemium
664 2489 764 2546 indicis
782 2491 939 2547 scholarum
954 2490 1143 2546 Bonnensium
1161 2491 1339 2547 hibernarum
1358 2507 1442 2544 anuo

303 2600 365 2636 rum
384 2593 591 2639 ommoocnvm
609 2583 638 2634 et
656 2580 729 2651 nrm]

392 2668 435 2740 **)
454 2669 655 2741 [Proposuerat
681 2667 852 2723 Ritseheliuo
879 2667 1023 2722 Plautinas
1051 2684 1165 2723 scaenas
1193 2667 1292 2722 Militis
1320 2666 1443 2738 gloriosi,

303 2757 449 2824 Pseuduli,
472 2756 732 2823 Menaechmorum‚
755 2755 946 2812 Mostellariaa
970 2755 1131 2812 emendatae
1149 2774 1201 2812 neo
1220 2758 1314 2812 tamen
1332 2755 1442 2826 plenius

304 2849 446 2904 enarratas
464 2846 494 2900 in
511 2845 662 2916 prooemiis
679 2845 802 2900 indicum
822 2845 908 2901 sohol.
924 2843 1073 2900 Vratislas.
1092 2848 1161 2902 aest.
1180 2853 1259 2916 1839,
1278 2845 1366 2900 Bonn.
1385 2845 1444 2900 hib.

306 2937 422 3007 tetostt
447 2936 476 2989 et
495 2940 627 3006 walpur,
656 2935 725 2990 aest.
748 2939 823 2990 1851.
861 2934 984 3000 Quorum
1011 2937 1206 3005 argumentum
1230 2952 1293 2990 oum
1318 2934 1349 2990 in
1367 2934 1443 3004 ipsas

304 3025 417 3081 illarum
435 3022 592 3078 fabularum
616 3021 752 3078 editiones
770 3024 913 3092 reoeptnm
931 3022 982 3092 sit,
1009 3022 1180 3079 Ritsohelius
1198 3041 1232 3078 ea
1250 3023 1279 3078 in
1297 3021 1440 3093 opusculis

304 3113 433 3170 iteranda
462 3127 519 3166 nou
550 3110 659 3166 curavit
690 3109 735 3178 (oi.
765 3111 864 3180 Opuse.
894 3111 919 3164 11
947 3109 1035 3182 prael.
1063 3128 1092 3180 p.
1120 3115 1200 3181 xxm:
1236 3113 1320 3182 primi
1347 3113 1443 3166 tamen

303 3202 416 3258 illorum
447 3200 700 3270 propinantium,
727 3197 803 3266 quod
835 3197 910 3253 idern
937 3199 1011 3254 inter
1035 3199 1266 3256 Vratialaviensia
1292 3200 1348 3254 fuit
1376 3199 1440 3254 nlti-

304 3308 395 3358 mum,
419 3287 622 3359 praelationem
644 3285 905 3357 perorationemque
928 3287 1134 3359 introrumpit,
1158 3289 1262 3359 qnippe
1282 3288 1443 3343 etiamnunc

278 3378 382 3434 eleeto
399 3376 475 3433 haud
493 3373 658 3430 iniucundus
675 3373 759 3430 visus.
797 3375 826 3430 G.
845 3375 903 3448 W.]
942 3375 1055 3431 ‘Grave
1074 3375 1178 3431 aedidit
1195 3379 1225 3432 ot
1242 3376 1444 3447 propemodum

259 3455 261 3462 ’
304 3465 438 3534 nimium,
464 3463 539 3532 qnod
561 3462 591 3516 in
615 3461 677 3533 ipro
702 3462 824 3518 diseemn
846 3465 877 3518 et
899 3463 972 3519 inter
995 3481 1117 3519 summas
1136 3465 1233 3520 turbas
1252 3463 1345 3520 oifioio
1364 3465 1444 3519 satis-

306 3557 398 3610 ineore
416 3553 544 3608 iubemur
561 3552 629 3608 olim
647 3551 855 3622 iucundissimo,
874 3552 922 3607 sad
942 3551 987 3608 eui
1004 3569 1077 3608 nune
1092 3569 1156 3608 vere
1170 3553 1237 3608 satis
1251 3553 1312 3608 fieri
1326 3553 1373 3607 vix
1386 3552 1445 3607 ullo

306 3643 390 3699 inodo
409 3640 505 3711 possit.
542 3642 614 3698 Nam
633 3659 697 3697 eum
715 3643 840 3696 neruum
860 3641 910 3710 sit,
929 3641 1029 3711 quibua
1048 3641 1118 3697 haee
1137 3643 1202 3696 sunt
1219 3641 1363 3712 prooemia
1380 3658 1446 3697 oon·

306 3731 458 3800 curando,
485 3747 542 3786 non
564 3730 647 3786 modo
671 3730 825 3785 studiorum
850 3728 1015 3784 industriam
1039 3729 1117 3786 robis
1140 3729 1335 3786 commendare
1358 3732 1387 3785 et
1409 3729 1447 3785 ad

307 3823 449 3876 strenuum
472 3835 567 3875 earum
592 3837 660 3889 quae
683 3819 756 3874 iutro
774 3820 881 3889 positas
900 3818 1000 3874 videtis
1019 3819 1178 3874 scholarum
1196 3837 1276 3874 nanno
1296 3819 1446 3887 cohortari,

307 3908 357 3964 sed
379 3907 466 3964 etiam
489 3908 597 3978 aliquid
615 3906 798 3974 reconditiora,
826 3906 901 3976 qnod
920 3906 958 3960 sd
975 3905 1084 3962 litteras
1103 3906 1179 3978 ipsas
1197 3911 1318 3978 spectet,
1346 3924 1447 3979 propo·

306 4016 385 4055 nere:
404 3997 536 4068 quoniam
558 3999 588 4052 et
606 3997 664 4053 otio
684 4013 810 4052 caremus
829 3997 858 4050 et
875 3995 1011 4050 libroruin
1030 3996 1213 4066 supellectile,
1232 3996 1303 4051 nihil
1321 3996 1379 4050 fere
1397 4015 1445 4052 no·

306 4087 350 4143 bis
369 4087 498 4143 relietum
516 4086 715 4156 intellegimus,
732 4083 788 4139 nisi
801 4085 834 4138 nt
848 4083 994 4139 materiam
1008 4084 1101 4154 potius
1115 4084 1216 4140 virium
1231 4085 1446 4140 exercendarum

308 4177 388 4232 robis
406 4177 561 4243 tradamus,
580 4190 664 4244 qnam
682 4172 712 4228 in
730 4171 899 4228 floridiorem
917 4173 1010 4228 loonm
1029 4173 1152 4242 aliquem
1171 4173 1305 4229 deductos
1320 4172 1447 4229 uberiore

307 4264 447 4320 rationum
471 4261 645 4332 expositione
668 4259 723 4331 ipsi
741 4259 928 4316 instituamus.
965 4260 1193 4332 Exprompsimns
1211 4261 1299 4332 igitur
1317 4279 1351 4316 ex
1370 4263 1447 4317 sehe-

308 4351 381 4406 dulis
406 4369 472 4408 casn
495 4349 586 4420 magis
615 4365 700 4419 quam
728 4347 844 4404 oonsilio
867 4349 985 4405 servatis
1007 4348 1168 4405 Plautinum
1196 4365 1325 4404 scaenam
1348 4351 1447 4407 Militis

309 4439 425 4510 gloriosi
443 4440 482 4508 ΙΙ,
501 4447 517 4493 4
535 4455 587 4509 pro
605 4437 680 4492 virili
699 4439 779 4510 parta
798 4439 912 4494 anobis
931 4438 1121 4494 emendatam:
1140 4455 1257 4508 quarum
1276 4439 1447 4495 emendatio·
