3332 5074
526 398 791 458 uunnuumours
815 405 1021 458 curvemus.
1133 443 1136 450 .
1285 391 1351 458 419

207 553 272 633 est,
304 550 360 616 sed
384 552 557 616 seeundum
582 553 696 636 pedem
719 554 902 620 tribrachus
927 554 1033 619 efficit.
1080 551 1217 619 Sublato
1240 558 1352 620 autem

201 668 324 739 paeepcr
346 657 406 724 illo
429 679 488 724 nee
505 665 607 742 pater,
631 662 720 726 cuius
744 663 832 728 vocis
855 665 947 726 tanta
970 662 1005 726 iu
1028 660 1181 725 familiari
1204 681 1352 726 sermone

207 764 403 849 frequentia,
433 767 531 830 semel
554 766 589 830 in
612 767 729 850 viginti
752 767 926 833 comoediis
949 767 1106 850 producta
1128 767 1244 831 ultima
1266 766 1352 851 posi-

207 874 277 936 tum
302 873 464 937 credemus
488 870 596 936 Aulul.
622 871 678 954 IV,
706 875 760 958 10,
784 873 841 958 53,
874 895 969 958 quem
992 872 1120 937 adiecta
1142 872 1214 936 leina
1237 873 1352 937 rocula

189 1028 194 1038 .
208 977 408 1063 redintegro:

273 1083 364 1149 Meus
387 1085 451 1148 fuit
473 1089 566 1169 pater
589 1084 666 1151 hinc
690 1086 915 1170 Antimachus,
938 1088 998 1171 ego
1023 1107 1122 1152 uocor
1146 1085 1338 1171 Lyconides:

207 1231 245 1273 ea
273 1210 401 1294 quidem
429 1209 501 1273 hiero
528 1211 707 1294 particulae
736 1213 912 1294 potestate,
945 1233 1008 1296 qua
1030 1209 1120 1275 Triu.
1144 1211 1208 1275 326
1238 1211 1351 1296 scripsi

207 1315 390 1379 adulescenti
413 1314 487 1379 bine
505 1335 614 1398 ponere
635 1337 769 1394 marma,
801 1317 958 1382 debebam
981 1321 1018 1380 ut
1041 1337 1113 1382 sero
1137 1317 1230 1382 video
1254 1317 1352 1382 etiam

208 1446 238 1486 v.
252 1422 317 1486 359
340 1421 507 1486 Lesbonico
529 1422 601 1486 binae
623 1424 806 1488 adulescenti
830 1422 979 1486 seribere.
1012 1419 1117 1488 Semel
1136 1428 1262 1488 exstare
1281 1445 1352 1506 pro

208 1529 339 1593 ductum
360 1533 453 1610 pater
480 1528 560 1592 dixi:
590 1550 666 1594 uam
695 1528 786 1594 Asin.
810 1527 849 1612 V,
876 1530 907 1611 1,
934 1532 948 1592 1
975 1529 1113 1594 mutatio
1141 1529 1179 1592 fit
1202 1552 1353 1614 persona-

205 1657 288 1719 rum,
311 1633 491 1699 Trinummi
515 1638 623 1700 autem
647 1658 675 1701 v.
690 1637 756 1700 645
779 1637 842 1700 etsi
867 1635 939 1700 Tibi
951 1636 1044 1718 patc'r
1062 1635 1198 1718 cedmae
1220 1637 1254 1702 in
1274 1638 1350 1703 Am·

207 1742 359 1808 brosiano
390 1747 452 1826 est,
485 1746 594 1808 tamen
624 1765 682 1827 per
711 1743 835 1808 librarii
866 1747 992 1808 tautum
1023 1743 1265 1828 neglegentiam
1293 1763 1507 1827 prceouxxvm

207 1848 362 1913 excidisse
382 1848 575 1916 credendum
595 1853 644 1914 est
657 1848 826 1914 Palatinis.
859 1847 911 1912 Ad
930 1849 1029 1914 verba
1046 1853 1084 1913 ut
1102 1849 1241 1933 redeam,
1265 1852 1350 1937 quod

206 1955 240 2019 iu
267 1957 379 2038 eattae,
412 1956 444 2020 id
472 1956 570 2020 etiam
604 1956 639 2019 in
666 1977 742 2038 aper
768 1959 801 2020 et
826 1955 954 2020 anmbar
987 1954 1099 2020 cadere
1126 1956 1349 2042 ratiocinatus,

205 2061 310 2128 habeo
334 2063 419 2148 quod
443 2062 559 2126 addam
581 2067 758 2145 praeterea,
782 2061 978 2126 infinitivum
1001 2061 1035 2126 in
1059 2062 1105 2126 ier
1128 2062 1273 2146 syllabas
1297 2085 1349 2128 ex·

207 2172 347 2234 eunmm:
377 2191 453 2234 nam
477 2169 560 2254 quod
585 2169 680 2232 dicim
699 2168 825 2252 feenpier
847 2169 881 2232 iu
904 2168 1018 2232 mediis
1043 2169 1189 2234 versibus
1212 2191 1278 2234 uon
1302 2191 1351 2236 so·

206 2274 275 2340 lent
299 2273 463 2358 dactylum
487 2297 638 2360 aequare,
670 2275 704 2340 id
727 2297 792 2340 nou
816 2274 892 2340 inde
915 2276 1124 2359 repetendum
1147 2297 1230 2358 esse,
1267 2276 1351 2361 quod

206 2380 280 2446 illae
303 2380 427 2446 formae
446 2382 556 2447 cretici
575 2403 758 2446 mensuram
777 2381 976 2465 primitivam
995 2381 1179 2467 habuerint,
1201 2387 1351 2468 correpta

206 2487 240 2552 in
264 2488 477 2572 anapaesticis
501 2488 617 2552 ultima
636 2487 765 2570 syllaba
787 2487 889 2571 docet,
913 2510 1009 2572 quam
1028 2488 1097 2552 iure
1117 2511 1174 2554 suo
1194 2488 1351 2554 Herman-

205 2616 266 2658 nus
285 2599 318 2658 et
337 2593 481 2658 defendit
498 2593 533 2658 iu
551 2591 658 2657 Iahuii
674 2594 789 2658 Annal.
803 2593 882 2678 phil.
898 2598 920 2658 t.
930 2592 1053 2659 XXXV
1071 2598 1113 2676 [a.
1127 2596 1225 2678 1842]
1241 2619 1270 2680 p.
1289 2595 1351 2660 194

205 2705 239 2766 et
257 2701 388 2766 admisit
406 2700 439 2764 in
459 2699 575 2766 Bacch.
597 2701 696 2765 1131:
719 2699 774 2764 hac
796 2701 952 2766 &aanor
974 2701 1028 2766 eihs
1046 2707 1080 2765 te.
1125 2700 1188 2766 sed
1206 2706 1283 2786 post
1301 2724 1351 2767 ra-

206 2807 450 2872 tiocinationem
479 2805 652 2872 videndum
680 2805 719 2870 de
748 2807 912 2891 exemplis.
958 2806 988 2872 A
1012 2808 1128 2892 quibus
1151 2829 1280 2872 rursum
1305 2831 1351 2874 se·

207 2914 372 2998 greganda
399 2936 480 2998 quae
509 2912 653 2978 incidens
676 2935 833 2997 personae
857 2914 995 2980 mutatio
1019 2919 1185 3000 segregat,
1217 2918 1254 2979 ut
1276 2915 1351 2982 Aul.

206 3021 248 3105 ΙΙ,
259 3023 288 3106 2,
299 3021 341 3086 39
360 3021 504 3099 arbitror,
528 3019 644 3085 Bacch.
655 3018 694 3106 V,
708 3021 735 3105 1,
746 3021 789 3086 30
807 3043 919 3100 naarar,
943 3019 1014 3087 Cas.
1028 3019 1085 3104 IV,
1100 3022 1183 3105 2,12
1201 3023 1350 3104 spaahr:

206 3129 257 3191 vel
280 3127 410 3212 gravior
433 3127 662 3211 interpuncta,
685 3131 721 3190 ut
743 3125 826 3190 Rud.
840 3125 939 3210 IlI,6,
952 3128 992 3191 14
1015 3147 1119 3192 cremor
1141 3121 1232 3212 (item
1256 3128 1352 3210 ipilnr

207 3233 324 3300 Bacch.
348 3233 376 3318 Ι,
403 3237 429 3317 l,
453 3233 519 3318 56).
565 3233 756 3297 Mercatoris
781 3237 889 3298 autem
913 3232 960 3317 II,
984 3236 1013 3318 3,
1038 3234 1078 3299 'll
1103 3255 1176 3307 cum
1200 3232 1349 3299 inlibris

206 3341 253 3405 sio
277 3341 418 3424 scriptus
443 3341 500 3404 sit:
1360 3379 1361 3382 =

273 3445 389 3511 Hercle
414 3447 491 3531 quin
515 3452 551 3511 tu
574 3447 660 3510 recte
684 3445 763 3510 dieis
788 3451 821 3510 et
844 3446 906 3511 tibi
930 3445 1106 3531 adsentior,

167 3579 172 3588 '
206 3571 277 3657 quis
306 3569 356 3636 vel
384 3591 457 3634 oum
485 3567 671 3636 Camerario
705 3571 759 3635 tihi
785 3571 938 3636 assentior
965 3593 1016 3655 epo
1045 3573 1095 3636 vel
1126 3593 1198 3636 cum
1228 3569 1349 3637 Bothio

206 3678 263 3742 titi
284 3677 423 3742 assatae
445 3697 496 3760 epo
520 3677 755 3762 amplectatur?
788 3675 827 3741 In
850 3682 1004 3761 promptu
1028 3679 1132 3744 multa
1156 3681 1244 3743 sunt:
1267 3676 1349 3742 nihil

206 3783 385 3868 simplicius
415 3805 513 3868 quam
540 3787 570 3849 e'l
595 3785 650 3849 aaa·
672 3785 808 3866 oqaiwn
830 3785 994 3851 adsentiar.
1042 3784 1126 3850 Item
1150 3784 1222 3869 quis
1246 3785 1350 3849 incor-

205 3894 336 3975 ruptum
365 3889 500 3955 habebit
529 3912 624 3974 quem
649 3888 740 3974 Caph
763 3889 820 3974 lv,
843 3891 878 3976 2,
904 3892 941 3954 11
967 3888 1070 3957 Vetus
1094 3892 1195 3956 talem
1219 3890 1350 3956 exhibet

206 3996 348 4060 numeris
373 3996 503 4080 quidem
526 3997 655 4060 nullis>-

271 4103 410 4168 Eminor
432 4103 686 4189 interminorque
710 4125 751 4168 ue
775 4105 848 4188 quis
874 4104 953 4169 mihi
973 4104 1138 4170 obstiterit
1157 4101 1349 4168 obuiam—‘l

207 4226 272 4292 Vbi
299 4248 432 4311 perraro
461 4227 608 4312 exemplo
633 4227 757 4310 aliquid
780 4228 861 4292 vidit
884 4229 940 4312 qui
963 4229 1081 4292 eminae
1103 4229 1236 4292 verbum
1259 4247 1349 4308 pror·

206 4356 260 4398 sus
289 4333 370 4398 illud
399 4334 582 4398 solitarium
612 4337 708 4416 atque
737 4332 816 4398 adeo
840 4333 976 4398 rationis
993 4333 1172 4417 ¹expersl‘),
1205 4331 1286 4396 dixit
1309 4353 1347 4396 ex

312 4510 338 4578 *)
367 4509 421 4578 [lix
446 4507 621 4562 Addcndis
648 4524 675 4577 p.
695 4521 837 4562 cccxxvn
852 4527 908 4576 sq.:
943 4507 1064 4564 ‘oblitus
1089 4524 1150 4562 sum
1175 4523 1232 4561 uon
1257 4507 1348 4563 minus

1082 4596 1136 4649 27*
