3338 5072
535 387 794 436 9999999999
818 388 1027 436 99999919.
1285 370 1350 436 383

209 549 272 612 qua
293 529 394 594 cedere
415 527 521 592 forme
539 530 729 615 revocanda,
753 530 803 595 vel
823 555 851 596 v.
867 531 930 598 507
955 531 1019 609 1191,
1041 530 1093 594 vel
1113 535 1149 595 ut
1168 551 1231 596 uno
1250 530 1350 595 verbo

204 633 323 720 dicam,
355 657 376 699 9
399 633 594 702 Schneidero
620 660 651 720 p.
676 637 823 723 118999.
853 639 955 704 911919
981 638 1134 722 pleraque
1158 637 1284 722 omnia,
1314 642 1351 702 ut

204 741 347 808 91911999
378 745 588 809 incommodus
613 744 756 826 proficio
789 745 886 810 ‹ibduc
917 743 1011 809 ibtuls'
1041 743 1160 826 1911999
1194 743 1351 826 91919999

204 849 323 914 istorio
346 849 477 916 (11999119
494 851 613 934 1199991
631 853 763 934 isquam
782 851 939 936 9119199999
955 851 1100 930 stulttia,
1123 871 1261 934 quorum
1284 872 1349 915 non

208 956 315 1021 dicum
341 955 438 1022 fidem
466 958 590 1022 nullam
618 980 703 1044 esse,
735 959 791 1023 sed
818 980 860 1023 ne
887 958 1037 1023 umbram
1066 955 1196 1043 quidem
1224 956 1307 1022 fidei.
1317 956 1349 1040 Ι1)

205 1169 381 1239 Quamquam
409 1168 466 1224 alia
492 1169 629 1238 quaedam
659 1170 725 1224 sunt
750 1169 780 1224 in
804 1168 980 1238 Trinummo,
1007 1185 1080 1238 quae
1102 1183 1202 1238 reapse
1224 1165 1351 1222 99991999

204 1275 289 1326 quam
306 1275 466 1317 mensuram
483 1258 588 1314 babere
606 1257 761 1314 editoribus
779 1258 841 1313 visa
865 1257 929 1314 sint.
966 1257 1052 1314 Velut
1070 1257 1120 1327 qui
1136 1275 1162 1312 v.
1183 1261 1235 1312 931
1254 1255 1349 1312 came

203 1347 272 1402 rarii
289 1347 457 1419 scripturam
480 1363 538 1402 ssoss
555 1348 635 1402 illaec
657 1349 862 1418 propagarunt,
890 1349 985 1402 utrum
1003 1345 1169 1416 corripuisse
1187 1346 1349 1416 99999111-

203 1435 296 1492 culam
319 1452 356 1490 an
379 1453 411 1492 ce
434 1435 642 1507 diphthongum
666 1436 829 1492 credemus?
867 1435 920 1491 Illo
943 1437 1037 1490 antem
1060 1452 1143 1492 versu
1162 1440 1214 1490 ⁷24
1238 1433 1351 1489 etiamsi

203 1525 342 1595 corripere
361 1519 498 1580 leuem
515 1524 623 1595 liceret,
641 1525 731 1581 nihilo
750 1527 844 1581 tamen
863 1523 952 1595 magis
970 1541 1026 1579 osec
1045 1539 1090 1580 ero
1107 1523 1194 1580 verba
1212 1522 1283 1578 adeo
1301 1523 1350 1578 (19-

205 1615 333 1670 libescere
359 1613 566 1686 pronuntiando
592 1615 720 1684 possent:
748 1617 799 1684 991
824 1631 880 1670 meo
906 1629 951 1669 ero
977 1613 1121 1668 9919999999.
1165 1613 1229 1668 Non
1254 1612 1350 1682 inepte

204 1703 291 1774 igitur
317 1719 471 1774 pronomen
498 1701 616 1758 Bothine
644 1703 824 1773 expurgabat
849 1701 929 1773 [item
953 1701 1123 1758 Ritschelins
1151 1701 1182 1756 in
1209 1701 1252 1756 ed.
1272 1701 1350 1772 alt]:
1458 1731 1465 1750 .

206 1791 282 1861 quod
299 1793 395 1848 tamen
412 1792 589 1864 transpositis
607 1793 697 1862 spolia
715 1793 756 1846 s'bs'
774 1789 890 1847 vocibus
908 1791 950 1846 sic
968 1790 1135 1846 servandum
1153 1789 1296 1846 duximus:

275 1883 313 1953 Et
331 1900 478 1968 capturum
497 1898 538 1953 ibi
556 1897 648 1969 spolia
665 1898 747 1953 111191
766 1897 815 1967 991
833 1899 896 1953 meo
914 1914 962 1954 ero
981 1897 1116 1953 aduersus
1134 1897 1251 1952 uenerit

203 2005 277 2060 Nam
295 2004 330 2060 de
349 2007 467 2060 9999919
485 2006 514 2060 19
532 2005 634 2060 ultima
651 2007 730 2060 illum
748 2005 878 2060 vocabuli
896 2004 954 2060 noli
973 2003 1123 2074 quicquam
1143 2003 1242 2060 vereri.
1274 2003 1350 2059 Eun-

204 2095 269 2148 dem
288 2096 435 2149 accentum
454 2094 541 2149 babes
560 2095 596 2150 ab
614 2094 697 2150 initio
717 2110 812 2149 versus
827 2101 843 2148 3
862 2095 947 2160 91991,
965 2091 1351 2164 1911191[99111999’]9991

205 2183 293 2249 cedes,
310 2200 337 2237 v.
356 2187 408 2236 319
427 2185 487 2236 ecies
506 2183 633 2236 19911919
651 2199 703 2252 quo
720 2185 823 2254 qe'oere,
842 2201 867 2237 v.
888 2187 939 2236 995
957 2183 1004 2236 s'bo
1022 2183 1060 2236 ud
1077 2183 1156 2236 illum
1174 2181 1349 2246 9991911919·

204 2270 234 2324 19
251 2270 306 2324 fine
325 2285 455 2324 versuum
473 2276 526 2325 499
544 2273 580 2325 ni
596 2287 642 2340 eqo
661 2272 744 2326 istim
762 2272 858 2338 uelim,
876 2275 928 2325 451
947 2287 1012 2325 sscm
1031 2271 1193 2337 illicienti,
1212 2275 1263 2324 811
1283 2270 1350 2339 quid

204 2359 284 2414 illem
295 2363 393 2428 patum
412 2358 441 2413 in
456 2358 555 2414 mediis
569 2360 695 2414 versibus
709 2366 761 2415 999
776 2362 825 2430 qui
842 2360 925 2415 istsim
943 2361 974 2416 ds'
988 2361 1118 2430 perdant,
1137 2364 1188 2414 998
1205 2359 1254 2429 pol
1272 2359 1350 2414 9119119

203 2449 316 2518 reliqui,
344 2453 396 2503 957
416 2447 462 2519 [91.
482 2448 608 2506 99991.
629 2448 689 2520 alt]
709 2449 896 2519 dispositum
913 2465 1024 2504 nossem.
1063 2449 1138 2515 Quos
1156 2447 1270 2516 quidem
1289 2463 1350 2503 ver-

206 2554 252 2592 999
276 2535 505 2604 commemoravi,
535 2539 566 2592 ut
589 2537 779 2608 exemplorum
802 2537 1170 2593 991119119911919199991
1193 2535 1349 2594 doctrinam

205 2625 347 2696 quandam
370 2629 536 2682 everterem:
564 2627 589 2681 is
612 2629 688 2682 enim
710 2627 740 2682 in
758 2627 863 2683 talibus
882 2626 978 2696 aliquo
995 2625 1084 2681 fulcro
1104 2642 1174 2696 opus
1193 2641 1254 2680 esse
1272 2627 1350 2680 ratus

205 2715 380 2785 saepiuscule
398 2718 499 2785 (neque
517 2716 593 2771 enim
610 2715 665 2771 sibi
684 2715 822 2786 constitit)
841 2717 958 2781 illaec,
977 2717 1101 2780 111999,
1115 2715 1229 2769 istaec
1245 2715 1351 2769 formas

205 2806 234 2858 91
250 2804 339 2860 199119
362 2807 391 2859 91
413 2805 493 2860 nulla
510 2821 623 2874 prorsus
642 2804 810 2860 necessitate
828 2804 943 2860 invexit
981 2803 1023 2858 b'x
1041 2803 1170 2859 omnibus
1188 2805 1285 2858 tamen
1304 2819 1349 2858 er·

204 2891 305 2962 amplis
328 2891 364 2947 ud
388 2890 477 2962 111199,
504 2908 523 2946 9
541 2909 596 2962 999
620 2891 867 2962 proiectissima,
894 2908 990 2946 versus
1010 2891 1222 2948 similitudinem
1240 2891 1350 2946 nullum

207 2980 322 3052 propius
341 2997 425 3050 quam
443 2999 470 3036 v.
490 2986 541 3036 311
561 2979 683 3036 accedit:

276 3086 358 3154 Quod
376 3086 472 3156 babes,
490 3087 526 3141 ue
544 3086 658 3155 habeis,
677 3085 792 3142 stillio
811 3085 961 3156 9991969
979 3086 1080 3155 babes,
1098 3086 1216 3155 habeis,
1234 3084 1348 3142 malum.

205 3194 294 3262 Quem
312 3194 362 3264 qui
379 3194 420 3250 sic
438 3192 610 3250 metiendum
628 3195 774 3264 putarunt:
796 3194 876 3264 Quod
893 3195 973 3248 19199
986 3211 1021 3247 99
1034 3194 1143 3260 1911999,
1161 3195 1267 3249 9191199
1279 3193 1350 3262 qaod

205 3300 281 3340 9999
298 3284 356 3339 aba
372 3284 399 3338 b.
418 3283 443 3338 1.
463 3300 506 3350 m,
529 3282 660 3339 elidendo
684 3299 718 3338 99
741 3281 942 3338 commisereri
960 3281 1097 3353 quodvis
1117 3285 1146 3338 et
1163 3281 1349 3353 perspicuitas

206 3374 360 3429 sententiae
378 3373 456 3429 nullo
475 3373 560 3430 modo
578 3373 753 3444 patiebatur:
773 3374 857 3441 atque
872 3373 975 3428 omisso
989 3389 1064 3428 9999
1077 3374 1189 3429 nostrae
1204 3387 1349 3428 mensurae

204 3463 347 3534 praeclare
365 3462 565 3518 Ambrosianus
583 3460 728 3519 99999911

294 3585 320 3656 ’)
344 3585 475 3642 Omnium
498 3586 618 3645 maxime
641 3587 671 3642 in
688 3589 879 3642 barsvereum
898 3601 985 3656 prava
1005 3585 1099 3656 opinio
1119 3603 1166 3642 ecs
1185 3584 1257 3656 egit,
1280 3601 1349 3654 9999

206 3675 311 3733 alicubi
329 3677 449 3747 probare
467 3671 612 3732 cistertium
630 3675 757 3732 memini:
776 3693 876 3746 parum
894 3673 959 3731 illos
977 3675 1014 3730 M.
1025 3673 1109 3730 Tullii
1129 3691 1275 3743 memores,
1294 3690 1349 3744 quo

204 3767 278 3822 19919
301 3767 331 3820 91
351 3767 469 3820 {mansee
492 3767 522 3820 et
543 3765 644 3833 infelix
666 3767 697 3820 et
719 3765 860 3820 9999999911
879 3766 909 3818 91
926 3765 1041 3832 cessem
1058 3763 1196 3834 products
1214 3763 1250 3817 ab
1268 3761 1349 3817 initio

206 3853 299 3912 vocali
315 3855 498 3926 pronuntiata
516 3857 581 3910 suut
599 3871 663 3910 oum
681 3853 819 3909 similibus
838 3853 966 3910 omnibus
984 3853 1071 3922 (Orat
1092 3855 1184 3922 918).
1203 3881 1239 3891 -
1256 3849 1289 3904 19
1306 3851 1348 3904 19-

205 3941 275 4000 lium
293 3946 398 4012 antem,
416 3943 511 4013 qualia
529 3943 726 4015 supraposui,
744 3941 936 4000 defensoribus
954 3942 1041 3998 miror
1058 3941 1146 3997 etiam
1164 3938 1225 3995 sani
1243 3939 1349 3993 cetero·

205 4033 255 4103 qui
272 4031 369 4090 iudicii
387 4033 483 4104 virum
497 4033 720 4104 Kampmannnm
740 4047 813 4102 esse,
837 4031 885 4102 qui
904 4031 939 4086 de
957 4032 1014 4086 reb.
1034 4029 1092 4085 mil.
1120 4028 1161 4084 Pl.
1187 4045 1215 4096 p.
1234 4031 1268 4080 39
1292 4041 1349 4079 999

206 4122 289 4178 modo
313 4119 391 4193 irqo,
418 4120 468 4176 ssd
491 4116 635 4192 cirqeutuos
657 4122 687 4175 91
709 4120 798 4176 multo
821 4121 908 4176 etiam
931 4118 1068 4190 rigidiora
1088 4115 1167 4176 99119
1190 4112 1273 4170 modo
1296 4111 1349 4168 sibi

207 4210 278 4282 eripi
297 4227 395 4282 passus
413 4211 558 4279 tamquam
576 4209 607 4264 in
625 4208 687 4264 sinu
705 4207 783 4264 fovit
817 4209 931 4264 Adeone
945 4208 1032 4278 igitur
1050 4205 1208 4261 inauditum
1225 4205 1271 4258 est
1287 4204 1348 4258 199-

205 4300 299 4354 tillum
322 4299 466 4356 turbatum
490 4315 550 4356 esse
573 4299 604 4354 in
626 4297 706 4354 libris
729 4297 861 4367 quantilli
885 4296 1039 4352 mutatione
1067 4292 1137 4349 levis
1165 4293 1197 4348 111
1215 4308 1230 4347 9
1249 4291 1348 4348 scabro

206 4388 343 4444 versiculo
362 4387 441 4443 Cure.
461 4388 495 4456 V,
514 4393 540 4458 9,
559 4391 607 4446 15:

277 4494 357 4562 Quod
372 4495 528 4566 19999199,
546 4511 617 4564 9999
632 4495 663 4547 19
678 4491 748 4547 mihi
762 4493 847 4548 tricas
861 4497 976 4548 narras?
995 4507 1080 4560 quam
1098 4493 1130 4546 tu
1148 4487 1287 4560 uirginem
1296 4495 1349 4545 -1
