3332 5074
525 387 789 438 auannsrronrs
813 386 1024 437 anavnruna.
1285 369 1348 436 431

319 529 413 636 (lette
436 534 465 598 is
489 537 548 617 est,
572 535 600 599 is
624 537 675 598 est
691 534 835 616 profecto.
859 555 876 596 ο
899 531 946 598 mi
968 555 1019 598 ere
1044 530 1306 617 exoptatissnme.

316 639 366 704 Eo
390 639 523 706 domum
548 637 617 706 GH.
639 641 713 707 beas
735 647 777 726 ta,
799 647 869 706 asta
891 641 981 706 ilico:
1004 641 1080 705 audi
1103 661 1128 705 e.
1152 662 1183 726 q.
1206 662 1230 705 s.
1348 695 1352 702 .

292 781 437 856 (luorum
461 805 611 848 vemuum
637 785 782 849 extremo
805 804 864 848 nec
888 783 1026 848 mutatio
1049 803 1206 867 personae
1224 803 1283 848 nec
1302 783 1351 846 vis

203 889 448 955 exclamationis
476 911 535 955 nec
563 889 657 954 finis
687 889 908 954 sententiae
931 889 1061 954 obstitit
1083 888 1219 954 elisioni.
1263 887 1350 954 Nam

203 996 349 1080 profecto
368 997 468 1061 etiam
487 1017 560 1062 cum
579 999 724 1062 mutatae
743 1017 899 1081 personae
914 995 965 1060 vel
984 996 1229 1062 exclamationis
1248 1017 1352 1080 pausa

203 1127 269 1169 non
292 1104 483 1169 coniunctus
506 1104 607 1188 ipsius
632 1103 866 1170 enuntiationis
890 1104 979 1186 finis,
1003 1103 1030 1167 si
1054 1103 1214 1168 rationem
1237 1125 1351 1168 consu·

204 1210 315 1294 limus,
342 1233 408 1276 non
431 1211 565 1276 suadere
588 1215 729 1296 tantum,
757 1211 812 1277 aed
839 1211 986 1296 flagitare
1009 1209 1282 1294 pronuntiationis
1305 1211 1352 1274 in-

203 1317 376 1383 tervallum
408 1318 548 1382 videtur:
583 1321 616 1382 et
648 1323 761 1384 tanum
795 1319 828 1382 in
860 1316 922 1383 hoe
953 1338 1079 1402 quoque
1108 1317 1205 1382 tertio
1235 1337 1351 1404 genere

204 1423 373 1488 elisionem
396 1427 526 1489 tantum
550 1424 643 1488 abest
665 1428 702 1489 ut
724 1423 967 1491 reformidarint
988 1429 1114 1507 poetae,
1136 1428 1174 1488 ut
1192 1445 1266 1489 rara
1284 1423 1351 1488 sint

204 1529 313 1595 hiatus
336 1532 492 1615 exempla.
539 1531 585 1596 Et
612 1531 646 1596 in
670 1531 858 1596 Trinummo
888 1532 1017 1616 quidem
1045 1532 1184 1596 nullum:
1213 1531 1246 1596 in
1276 1551 1351 1595 con·

112 1671 116 1678 ·
204 1637 340 1701 trariam
363 1642 488 1721 partem
511 1638 655 1703 valentia
673 1638 802 1703 circiter
821 1639 937 1724 viginti
960 1639 1110 1724 quinque,
1134 1639 1222 1703 velut
1245 1635 1351 1722 (prae-

204 1746 254 1807 ter
281 1748 378 1809 antea
406 1745 518 1829 allata,
546 1745 580 1809 in
608 1745 726 1831 quibus
749 1746 940 1810 exclamatio
964 1743 1101 1830 accedit)
1125 1768 1153 1809 v.
1180 1745 1252 1810 195.
1277 1745 1351 1809 376.

205 1850 279 1916 681.
304 1851 380 1915 699.
404 1852 476 1916 717.
501 1851 574 1916 795.
597 1851 671 1916 826.
694 1851 767 1916 996.
794 1852 890 1917 1018.
915 1853 1008 1916 1139.
1035 1853 1133 1916 115οε

292 1992 382 2058 Istuc
404 1993 555 2059 uolebam
577 1996 662 2058 scire.
685 1995 699 2057 i
721 2011 798 2058 sane
820 1998 908 2058 minc
931 1993 1005 2058 iam.

296 2092 366 2164 'Pria
389 2122 423 2164 re
441 2101 542 2166 sclao.
564 2099 619 2164 boc
641 2100 735 2182 pacto
755 2100 796 2164 ab
816 2099 873 2165 illo
898 2103 1057 2164 summam
1080 2099 1177 2164 inibis
1202 2101 1350 2184 gratiam.

294 2197 401 2270 Maiam
429 2227 573 2272 sororem
600 2203 663 2270 tibi
691 2205 763 2270 dem
792 2205 907 2270 suades
931 2204 1000 2270 sine
1023 2207 1097 2270 dole.
1125 2211 1159 2270 ct
1185 2228 1252 2272 non
1276 2210 1351 2272 con·

846 2313 942 2377 uenit.

294 2418 374 2495 Quis
398 2443 448 2484 me
472 2419 653 2503 improbior
675 2419 884 2502 perhibeatur
906 2419 990 2484 e'asc?
1012 2420 1085 2485 haec
1107 2420 1323 2506 famigeratio.
1366 2437 1449 2478 cxcu

294 2508 388 2590 haut
409 2527 519 2592 aereis
542 2525 601 2592 azo.
625 2527 731 2608 ecqua
752 2525 853 2609 aucis,
875 2525 1059 2610 Lysiteles?
1082 2549 1142 2614 ego
1166 2530 1198 2592 te
1222 2528 1305 2594 uolo.

294 2631 524 2717 Inspeotasque
547 2653 616 2699 aesc.
639 2634 674 2697 ic
696 2627 884 2699 hhiusmodi
906 2635 1049 2720 negotio.

296 2737 516 2824 Spurcificum,
540 2739 723 2826 immanem,
745 2739 998 2825 intolerandum,
1020 2743 1178 2808 mecam.
1201 2761 1253 2824 epo
1276 2762 1351 2806 eon·

313 2927 321 2946 ‚
846 2853 897 2912 tra
921 2849 1020 2932 (Spera
1043 2854 1203 2932 expertus.

295 2950 341 3016 Vt
364 2954 447 3018 sciat
470 2975 504 3018 se
524 2954 701 3035 mucosa.
724 2975 776 3036 eqo
800 2954 891 3020 ibeo.
914 2955 999 3019 male
1023 2954 1098 3019 uiue
1122 2955 1156 3018 et
1179 2952 1262 3018 uale.

295 3055 469 3124 Memoriae
489 3081 559 3124 esse
577 3059 726 3126 oblitum?
749 3081 793 3125 cn
815 3082 902 3144 uero,
926 3059 1003 3145 quia
1025 3064 1061 3125 tu
1085 3082 1158 3126 cum
1182 3059 1268 3146 frugi
1292 3061 1350 3125 hc-

845 3167 996 3232 minibus.

294 3269 402 3337 Nimis
434 3273 668 3358 pergraphicus
700 3273 897 3358 sicophanta.
929 3273 958 3338 is
989 3271 1083 3337 mille
1116 3295 1285 3339 nummum
1317 3297 1351 3340 se

845 3385 987 3449 aureum.

297 3483 392 3551 Solus
422 3491 487 3572 sto,
514 3509 574 3553 nee
602 3488 688 3573 quod
715 3491 850 3553 conatus
880 3510 951 3553 sum
979 3488 1088 3572 agere,
1111 3487 1192 3570 apo?
1215 3487 1352 3554 hmines

848 3595 1032 3679 conloquar.

208 3732 333 3808 Quibus
363 3735 544 3819 propinqua
574 3737 654 3802 haee
684 3741 773 3802 sunt:
807 3759 835 3800 v.
858 3737 933 3802 391.
964 3736 1037 3801 590.
1068 3738 1141 3803 624.
1174 3738 1246 3802 704.
1278 3739 1351 3802 740.

208 3841 281 3905 799.
307 3841 402 3908 1068.
428 3843 521 3908 1108.

296 3949 441 4033 Ergone,
470 3949 525 4034 qui
548 3951 616 4014 tam
640 3972 733 4014 rarus
756 3949 865 4014 hiatus
889 3951 934 4015 ibi
958 3951 1030 4034 fuit,
1052 3951 1108 4015 ubi
1131 3973 1234 4034 pausa
1256 3973 1350 4034 quae·

208 4054 282 4118 dam
305 4055 394 4122 vocis
422 4076 486 4120 non
515 4061 643 4120 tantum
673 4057 863 4122 offensionis
885 4057 966 4121 nihil
992 4059 1046 4122 sed
1070 4057 1149 4122 adeo
1174 4056 1352 4141 plurimum

208 4161 498 4226 commendationis
521 4161 665 4246 haberet,
689 4184 813 4246 eumne,
835 4163 892 4227 ubi
916 4164 957 4228 ab
981 4163 1092 4228 eadem
1115 4167 1208 4248 parte
1236 4184 1276 4226 nc
1300 4183 1353 4226 ex-

208 4268 386 4334 cusationis
406 4268 535 4354 quidem
554 4269 727 4353 quicquam
745 4273 896 4353 paratum
915 4273 974 4354 est,
997 4269 1158 4352 patienter
1175 4269 1352 4333 toleratum

209 4396 279 4440 esse
302 4375 560 4440 existimabimus
585 4380 618 4438 et
640 4378 770 4459 praeter
792 4376 950 4440 rationem
969 4397 1104 4459 pausam
1123 4377 1353 4458 pronuntiandi

207 4481 368 4564 placuisse
391 4482 447 4546 ubi
471 4480 649 4546 sententiae
672 4480 762 4544 nulla
781 4481 889 4545 esset?
921 4481 966 4546 Et
985 4481 1045 4545 hoc
1070 4486 1105 4544 ut
1129 4482 1209 4546 artis
1232 4483 1352 4549 fuerit?
