3338 5072
320 403 385 467 342
607 418 869 467 unonuoousus
890 419 939 466 on
962 418 1174 468 remorsurus

320 585 389 628 sese
413 584 524 628 versus
548 563 695 646 excipere
719 563 873 628 statueris
896 562 986 627 Haec
1007 567 1088 640 nont,
1110 562 1234 627 sirecte
1250 582 1304 626 scu
1316 582 1464 644 peruorse
1498 640 1504 652 .

318 671 404 751 facto
432 675 521 735 srmt·
557 669 626 752 Epo
656 690 704 733 me
731 669 837 750 fccrbse
866 670 1008 752 confiteor
1034 693 1087 733 -:
1125 668 1205 734 hsec
1229 668 1330 753 igitur
1353 669 1464 735 omnia

321 799 392 842 oum
420 775 467 841 ite
496 776 576 860 sint,
608 797 806 860 consequens
838 797 907 840 esse
936 775 1028 841 video
1057 781 1094 840 ut
1121 798 1141 840 a
1164 774 1308 842 Lomano
1332 781 1463 861 sumpto

320 882 510 967 pronomine
548 882 684 947 relativo
722 885 754 946 et
790 882 910 948 rationi
942 886 975 947 et
1007 882 1218 948 concinnitati
1256 884 1302 949 sic
1335 883 1462 948 demum

320 989 473 1056 satisfiet:

454 1093 544 1199 Haec
568 1135 653 1214 sunt,
676 1131 814 1196 sirecte
838 1152 894 1196 seu
917 1153 1070 1215 pernorse
1093 1130 1289 1216 factasunt,

455 1239 544 1316 Quae
568 1259 628 1323 ego
651 1261 702 1302 me
725 1237 840 1302 fecisse
864 1238 1028 1322 confiteor,
1051 1236 1326 1325 Megaronides.*)

409 1381 551 1447 'lentum
583 1381 622 1445 de
651 1380 713 1445 his.
759 1379 810 1445 Ad
841 1402 913 1444 eum
945 1385 1055 1445 sutem
1084 1380 1192 1445 locum
1222 1383 1464 1465 grammaticae,

321 1490 376 1574 qui
400 1493 450 1554 est
473 1489 512 1553 de
536 1488 703 1572 analogia,
735 1488 817 1552 haec
845 1487 1010 1571 pertinent
1032 1509 1115 1571 quae
1138 1487 1224 1551 infre
1246 1489 1348 1571 posui.
1394 1489 1463 1553 Pri-

321 1618 410 1661 mum
443 1595 585 1660 omnium
617 1596 665 1659 tis
692 1595 861 1679 genetivus
890 1616 949 1677 pro
982 1595 1028 1658 uri
1056 1594 1223 1678 praeclaro
1252 1594 1463 1661 Ambrosieni

320 1701 509 1768 testimonio
533 1705 679 1766 servatus
703 1723 732 1765 v.
748 1701 822 1766 343.
854 1698 926 1775 Qua
949 1699 1054 1764 forme
1078 1701 1139 1766 etsi
1161 1723 1228 1766 nou
1251 1701 1363 1766 dubito
1387 1702 1465 1787 quin

321 1809 424 1874 multo
449 1809 577 1892 saepius
600 1812 698 1892 poete
716 1829 793 1872 usus
813 1808 863 1891 sit,
887 1811 997 1871 temen
1016 1807 1204 1872 coniectura
1222 1829 1293 1872 eam
1312 1830 1464 1874 revocare

321 1917 373 1982 vix
398 1937 552 2001 umquam
575 1915 696 1999 licebit,
719 1913 888 1998 quoniam,
926 1913 953 1977 si
977 1936 996 1978 a
1018 1913 1130 1997 paucis
1154 1914 1311 2000 exemplis
1335 1919 1373 1980 ut
1394 1914 1464 1981 Mil.

321 2022 377 2107 lv,
401 2023 432 2102 2,
445 2023 489 2087 42
513 2022 692 2098 recesseris,
716 2020 758 2085 ad
780 2025 921 2085 metrum
944 2018 1026 2084 nihil
1050 2020 1186 2085 interest
1208 2023 1248 2085 tis
1271 2021 1399 2106 legetur
1423 2043 1463 2088 an
1543 2005 1548 2014 ’

322 2131 377 2207 lui,
400 2128 486 2212 qnod
509 2129 617 2213 ipsum
641 2134 674 2193 et
696 2127 896 2212 bisyllebum
920 2149 990 2192 esee
1015 2130 1048 2190 et
1066 2127 1328 2211 monosyllabum
1347 2133 1463 2213 potest.

321 2273 363 2283 -
387 2235 436 2300 De
460 2235 632 2301 masculini
655 2236 784 2320 generis
806 2233 993 2326 nominibus
1017 2233 1160 2299 dubitari
1188 2235 1284 2319 solet,
1312 2257 1349 2300 ae
1371 2257 1464 2322 gene·

322 2343 381 2406 tivi
409 2343 443 2408 in
471 2349 510 2406 αϊ
536 2342 780 2408 distractionem
803 2364 881 2405 uum
905 2341 1028 2425 pariter
1050 2345 1148 2425 etque
1172 2339 1328 2405 feminina
1351 2343 1465 2407 edmit

321 2452 404 2514 tent.
462 2447 567 2514 Litem
599 2448 724 2513 dirimit
753 2448 869 2513 telium
900 2446 1061 2512 evidentia
1091 2447 1201 2532 qualia
1231 2453 1307 2513 sunt
1336 2471 1365 2514 r.
1397 2449 1462 2515 359

323 2557 511 2622 Charmidai
532 2557 607 2638 filio,
628 2579 658 2622 v.
675 2557 760 2621 1183
785 2555 929 2622 Gallicloi
949 2553 1081 2640 filia**),
1104 2577 1167 2638 quo
1192 2555 1242 2619 vel
1265 2555 1405 2641 vestigia
1428 2557 1464 2620 li·

322 2664 455 2729 brorum
479 2662 614 2727 ducunt:
637 2685 713 2726 nem
736 2667 795 2728 eut
817 2678 992 2727 cunnulm
1016 2665 1073 2725 out
1096 2678 1275 2726 cunsumu
1300 2663 1406 2727 estin
1425 2664 1467 2740 A,

322 2770 436 2835 callr'cli
453 2769 486 2834 iu
501 2768 604 2835 BGD.
637 2768 762 2844 Quibus
781 2768 815 2832 in
834 2790 988 2853 praesens
1007 2789 1106 2831 unum
1129 2770 1257 2832 tantum
1282 2769 1465 2853 exemplum

323 2877 438 2942 eddam
463 2898 500 2940 er
524 2875 652 2958 Epidici
675 2875 823 2939 versibus
846 2873 888 2957 ll,
911 2874 942 2956 2,
956 2873 998 2938 59
1010 2895 1078 2958 sqq.
1102 2875 1334 2940 turbatissimis
1358 2875 1467 2961 vulgo,

325 2985 370 3050 sio
394 2987 501 3048 eutem
526 2982 734 3047 Ambrosioni
758 2981 876 3047 codicis
900 2980 1020 3046 auxilio
1043 2977 1399 3070 reconcinnendis***):

185 3147 323 3188 cxxxsrr
413 3125 530 3202 ‘Quem
553 3124 649 3190 focile
674 3129 707 3190 et
730 3146 826 3209 quem
850 3123 1015 3189 fortunate
1037 3121 1093 3188 illi
1116 3125 1233 3208 euenit,
1256 3125 1399 3210 obsecro,

411 3232 541 3297 Mulieri
563 3253 660 3317 quem
683 3230 823 3296 liberere
847 3232 916 3295 uolt
939 3236 1078 3296 ametor:
1103 3228 1252 3315 quisnam
1275 3231 1304 3296 is
1327 3233 1415 3296 est?'

412 3323 525 3423 inquit
548 3338 735 3404 arcerano.
773 3339 819 3402 ier
841 3339 900 3402 ina
922 3339 1070 3402 nominat
1094 3335 1369 3422 straturppoelem

410 3445 607 3529 Pe'riphanui
626 3442 742 3509 fllium.
758 3483 792 3491 —
806 3444 924 3508 Hercle
943 3444 1038 3529 perii:
1062 3443 1138 3527 quid
1157 3465 1218 3529 ego
1238 3467 1276 3509 ex
1294 3448 1328 3509 te
1347 3446 1466 3511 audio?

322 3589 387 3653 Vbi
412 3589 562 3653 similiter
586 3607 751 3653 pumuntur
776 3589 935 3671 scriptum
958 3589 992 3651 in
1015 3587 1055 3650 A.
1075 3585 1179 3686 —ptd
1204 3585 1318 3652 eedem
1342 3610 1467 3653 mascu-

322 3697 391 3762 line
420 3696 552 3760 nomine
582 3698 709 3780 spectet
739 3694 826 3778 quod
855 3717 884 3758 v.
908 3695 972 3759 928
1004 3715 1070 3758 nou
1097 3693 1243 3758 dubitavi
1266 3693 1466 3760 Rhudumum

411 3870 437 3942 ’)
457 3872 501 3944 [In
519 3871 562 3927 ed.
582 3869 630 3925 slt.
650 3868 820 3925 Ritschcliue
838 3868 949 3924 reiectis
967 3885 1039 3938 quse
1059 3886 1122 3924 cum
1141 3869 1283 3938 Perergon
1301 3888 1326 3939 p.
1338 3877 1388 3925 515
1408 3875 1467 3925 tum

322 3963 375 4016 hoc
395 3961 457 4015 loco
475 3961 660 4030 proposuerat
678 3975 740 4013 cum
760 3957 881 4028 Bergkio
900 3957 978 4014 Ceos.
998 3976 1024 4028 p.
1045 3965 1114 4013 1136
1133 3957 1319 4028 interpunxit:

324 4103 328 4110 ·
394 4069 471 4123 Heec
489 4067 566 4121 runt:
586 4063 704 4120 sirecte
724 4065 772 4118 seu
791 4081 923 4134 pernoree
943 4063 1017 4138 fecte
1034 4065 1107 4130 sunt,
1120 4064 1131 4133 Ι
1145 4063 1204 4133 Ego
1218 4064 1263 4117 me
1283 4063 1302 4121 f.
1321 4081 1344 4120 e.
1360 4065 1395 4119 M.

323 4175 357 4229 de
386 4191 442 4243 qua
468 4173 531 4243 ipen
557 4170 781 4242 interpunctione
809 4171 838 4224 in
866 4171 1035 4226 contrariam
1058 4172 1167 4240 portem
1190 4170 1278 4225 eeneit
1301 4174 1388 4242 prael.
1408 4171 1467 4228 Mil.

321 4264 438 4422 8¹⁰¹'sl’j
457 4261 618 4422 faxitis-eze„
636 4366 700 4404 eum
719 4348 840 4420 Bergkio
860 4349 1029 4406 sisennus
1048 4350 1126 4405 seut
1142 4351 1173 4405 sn
1193 4350 1236 4406 es.
1255 4350 1316 4419 are,
1334 4350 1383 4405 uos
1402 4350 1468 4405 vide

325 4436 556 4509 annotationem]

377 4527 434 4596 m)
454 4525 508 4596 [Cf.
529 4525 630 4595 Opuec.
649 4525 718 4595 phil.
738 4525 763 4578 ll
781 4543 808 4596 p.
828 4525 902 4598 lto]
