3302 5076
280 395 346 460 654
654 411 890 458 nnsnuuscns
912 411 1038 458 nunus.

280 555 479 640 dirigendae,
515 553 752 637 sapientissime
783 552 980 636 perspiceret
1012 573 1146 635 eamque
1178 552 1421 636 persuasionem

279 661 654 726 munificentissimorum
686 659 865 726 facinorum
898 657 1105 724 multitudine
1136 657 1359 723 admirabilem
1387 659 1421 722 in

280 768 410 832 modum
434 767 670 851 comprobaret.
706 765 795 851 Ergo
819 765 1021 851 gratulemur
1044 765 1138 830 nobis
1162 764 1245 828 hanc
1269 787 1421 830 sensuum

280 874 577 940 dissimilitudinem
600 873 708 958 potius
733 895 844 957 quam,
872 873 938 937 utri
960 872 1085 956 priores
1108 859 1303 954 deteramus,
1327 873 1422 936 rime-

280 1004 365 1064 mur,
393 985 426 1045 et
456 980 611 1065 singulari
636 979 790 1044 beneficio
814 978 914 1042 divini
936 979 1078 1044 numinis
1103 978 1198 1044 nobis
1222 980 1422 1062 impertitam

280 1089 452 1153 laetemur:
481 1109 557 1152 nam
580 1087 670 1150 etin
696 1086 864 1151 hominum
888 1085 964 1149 vitis
989 1089 1022 1150 et
1043 1086 1078 1149 in
1101 1106 1276 1170 regnorum
1300 1086 1422 1150 vicissi-

279 1194 446 1259 tudinibus
474 1215 532 1276 per
560 1192 725 1258 contraria
751 1193 818 1256 itur
842 1190 884 1256 ad
910 1191 957 1274 id,
985 1192 1069 1276 quod
1099 1192 1143 1256 sit
1169 1193 1347 1276 perfectum
1371 1194 1420 1257 vel

280 1323 300 1364 a
322 1301 464 1384 perfeeto
488 1321 586 1383 quam
610 1299 754 1383 proxime
780 1299 878 1364 absit:
902 1297 1008 1381 ipsam
1028 1301 1137 1362 autern
1156 1299 1422 1384 mediocritatem,

281 1429 352 1471 eam
376 1407 505 1490 quidem
529 1429 625 1490 quam
649 1427 780 1471 auream
805 1408 891 1470 recte
914 1409 947 1468 et
964 1405 1083 1469 rectius
1103 1425 1200 1487 quam
1220 1427 1310 1470 suam
1329 1407 1420 1471 illam

280 1511 436 1578 Horatius
461 1513 563 1595 dicas,
590 1513 725 1577 liberam
750 1512 840 1576 illam
865 1511 1008 1594 avitiis,
1036 1511 1174 1577 virtutes
1198 1515 1306 1576 autem
1330 1512 1422 1578 inse

281 1643 391 1686 omues
423 1618 639 1703 complexam,
676 1622 874 1683 mementote
906 1617 1002 1682 unius
1035 1639 1103 1682 esse
1135 1619 1278 1684 numinis
1311 1618 1422 1702 divini,

281 1727 468 1792 mortalium
493 1726 601 1810 generi
624 1726 826 1810 denegatam.
867 1722 952 1788 Dixi.

833 2097 863 2162 5.

279 2243 419 2308 Oratio
442 2240 700 2308 celebrandae
723 2240 931 2305 memoriae
961 2237 1146 2304 Guilelmi
1175 2237 1422 2304 Humboldtii

459 2348 597 2414 habita
620 2347 682 2411 die
705 2346 764 2413 ΙΙΙ
788 2370 829 2411 m.
853 2345 1025 2432 Augusti
1050 2367 1078 2410 a.
1103 2345 1235 2430 1843.*)

233 2512 267 2551 1v
371 2490 468 2554 Anno
491 2489 649 2574 proximo,
672 2489 835 2554 auditores
855 2511 913 2554 suo
932 2489 1066 2573 quisque
1090 2489 1161 2552 loco
1185 2487 1423 2571 spectatissimi,

279 2618 350 2661 cum
383 2595 417 2658 in
444 2594 530 2660 hunc
559 2599 749 2681 suggestum
778 2595 1010 2678 escendissem,
1036 2615 1320 2678 compararenrque
1351 2614 1421 2658 cum

368 2827 394 2895 *)
415 2825 460 2896 [ln
482 2824 626 2894 publicum
649 2823 705 2880 iam
728 2824 832 2895 prodiit
851 2824 921 2878 haee
944 2823 1048 2892 oratio,
1072 2823 1207 2893 prooemii
1231 2821 1320 2876 instar
1342 2839 1422 2892 prse-
1496 2807 1500 2814 ¹

279 2915 335 2970 fixa
355 2913 443 2968 indici
464 2913 622 2969 scholarum
641 2913 830 2970 Bonnensinm
853 2913 1022 2968 aestimrum
1040 2928 1066 2968 a.
1085 2925 1350 2980 cromccoxxxxm,
1370 2912 1423 2966 bac

280 3002 392 3072 quidem
411 3002 564 3072 praemissa
582 3001 767 3072 praefatione:
1417 2995 1419 3000 ’

183 3083 187 3092 ’
370 3091 467 3157 ‘Quod
485 3091 586 3146 iterum
605 3091 698 3159 robis,
722 3090 858 3146 carissimi
881 3089 1100 3160 commilitones,
1123 3089 1259 3160 prooemii
1282 3089 1343 3144 loco
1363 3104 1422 3144 ora·

279 3181 434 3236 tiunculam
458 3179 650 3250 proponimus,
676 3179 803 3235 habitam
827 3195 889 3234 eam
912 3178 1077 3235 recolendae
1101 3176 1244 3248 superiore
1267 3193 1340 3232 anno
1364 3193 1422 3232 me-

279 3270 386 3326 moriae
414 3281 627 3323 svsvsmssrnr
654 3281 748 3322 nvrvs
775 3281 1008 3323 vnrvnnsmsrrs
1030 3281 1206 3322 conomonrs
1224 3267 1297 3322 Dru
1315 3267 1421 3321 Fama-

280 3373 342 3415 mor
361 3359 515 3414 Gvrnnnnn
539 3358 589 3426 ΙΙΙ,
617 3357 646 3412 id
674 3357 761 3412 nolite
789 3358 818 3412 in
847 3373 908 3414 eam
936 3361 1045 3434 partem
1068 3356 1259 3428 interpretari,
1279 3360 1423 3425 tamquam

280 3447 455 3503 ambitiosius
478 3445 643 3502 contendere
668 3464 731 3502 cum
753 3462 788 3502 es
809 3445 991 3502 universitate
1014 3446 1171 3501 litterarum
1189 3445 1321 3513 velimus,
1345 3445 1423 3500 cuius

281 3536 333 3592 etsi
365 3536 523 3606 exemplum
555 3534 659 3590 imitari
692 3551 742 3604 per
770 3551 798 3588 se
830 3552 887 3590 nou
914 3537 1009 3604 potest
1035 3535 1196 3590 indecorum
1224 3551 1296 3603 esse,
1329 3538 1424 3589 tamen

280 3625 363 3694 longe
386 3624 498 3680 diversa
521 3623 606 3678 eoin
628 3639 730 3693 genere
754 3623 881 3679 condicio
904 3627 955 3679 est
992 3623 1064 3678 Nam
1084 3640 1147 3678 cum
1166 3622 1296 3693 princeps
1315 3623 1423 3694 patriae
1453 3641 1459 3654 ·

281 3716 390 3768 nostrae
408 3712 574 3768 universitas
593 3711 733 3766 constanti
752 3727 818 3766 sane
836 3731 887 3766 usu
906 3712 960 3767 hoc
978 3711 1138 3766 institutum
1157 3712 1261 3767 habeat
1278 3711 1423 3766 diuturna·

281 3817 335 3871 que
354 3799 553 3856 consuetudine
573 3800 723 3868 sancitam,
746 3801 792 3869 ut,
817 3817 888 3870 quae
906 3800 1056 3870 quotannis
1076 3817 1170 3856 coram
1188 3799 1328 3870 frequenti
1346 3799 1422 3855 audi-

280 3893 374 3946 torum
393 3906 497 3946 corona
515 3889 664 3945 sollemnes
687 3889 827 3944 orationes
855 3889 998 3958 dicuntur,
1025 3904 1090 3944 mox
1118 3905 1181 3944 cum
1205 3890 1310 3944 maiore
1337 3889 1423 3945 etiam

280 3979 417 4036 lectorum
444 3977 625 4034 multitudine
652 3975 903 4033 communicentur:
931 3993 995 4032 eum
1021 3978 1134 4047 quidem
1157 3977 1209 4034 illa
1232 3996 1338 4036 morem
1362 3978 1423 4034 iure

281 4068 434 4137 meritoque
458 4069 548 4136 tenet,
577 4065 682 4136 quippe
709 4065 753 4120 cui
782 4082 837 4120 non
860 4065 1002 4136 professor
1024 4068 1134 4122 tantum
1157 4067 1346 4137 eloquentiae,
1374 4067 1423 4122 sed

280 4156 355 4210 idem
374 4155 514 4226 perfectus
534 4157 628 4210 orator
647 4153 810 4223 contigerit,
834 4154 912 4222 isque
935 4155 996 4208 tam
1014 4152 1086 4208 mira
1103 4153 1210 4225 ingenii
1228 4156 1258 4210 et
1276 4155 1424 4210 fertilitate

281 4246 310 4299 et
326 4244 463 4299 varietate
482 4245 634 4314 praestans,
653 4245 685 4298 ut
702 4259 753 4312 per
771 4243 886 4314 longum
905 4261 1038 4298 annorum
1058 4243 1179 4313 spatium
1198 4261 1349 4313 numquam
1368 4261 1424 4299 non

281 4335 359 4403 apte,
381 4349 467 4404 nore,
490 4332 626 4403 graviter,
650 4335 679 4386 et
702 4330 778 4400 quod
796 4331 948 4402 praecipua
966 4332 995 4387 in
1018 4331 1100 4386 laude
1123 4331 1266 4402 ponimns,
1289 4331 1424 4388 advitae

280 4439 361 4475 nsum
387 4424 602 4492 temporumque
633 4420 756 4480 rationes
787 4421 999 4478 accommodate
1030 4420 1114 4490 idque
1141 4420 1253 4476 fortiter
1280 4422 1310 4476 et
1336 4419 1424 4476 libere

281 4510 391 4565 dixerit.
429 4511 513 4564 Cuius
537 4509 708 4566 condicionis
730 4509 861 4564 felicitati
885 4527 947 4565 cum
972 4512 1097 4566 nostram
1120 4508 1178 4564 ullo
1201 4507 1285 4563 modo
1304 4507 1424 4562 conferri
