3338 5072
541 443 807 492 nununsurorus
829 441 1038 492 salvamus.
1297 425 1364 494 289*

217 585 353 651 512655
376 587 469 670 plura
492 609 590 672 quam
613 587 713 652 551155
737 591 936 653 evanuerunt
958 587 992 652 in
1015 587 1144 674 paginis
1170 587 1220 653 19.
1239 587 1292 653 30.
1309 587 1362 653 45.

216 692 269 758 46.
293 693 374 759 255:
406 694 551 759 omnium
580 695 720 779 pessime
748 695 880 760 habitae
904 697 981 760 sunt
1003 695 1143 780 paginae
1166 695 1231 761 266
1255 698 1288 759 et
1314 695 1363 762 18.

216 797 254 864 ln
283 801 576 866 commemorandis
600 801 812 867 Ambrosiani
839 801 916 868 libri
944 801 1113 886 scripturis
1142 804 1264 886 quanta
1292 800 1363 866 fieri

216 926 293 970 cura
315 905 423 988 potuit
446 904 525 970 illud
549 905 672 990 studui,
700 911 738 972 ut
761 929 843 992 quae
866 911 956 972 certa
979 911 1101 991 essent,
1124 928 1207 991 quae
1230 907 1363 991 incerta,

216 1011 388 1098 diligenter
411 1017 608 1079 annotarem.
646 1013 760 1099 ltaque
784 1035 881 1097 saepe
905 1013 1014 1079 55151
1034 1014 1155 1098 51515155
1177 1013 1279 1078 adieci
1301 1013 1362 1098 vel,

216 1117 303 1204 quod
326 1118 440 1185 eodem
462 1119 569 1186 551555
593 1121 691 1206 volui,
712 1121 773 1186 hae
796 1125 877 1187 nota
900 1141 977 1186 usus
1001 1142 1073 1187 sum
1088 1117 1158 1206 (A).
1189 1120 1362 1186 Praeterea

216 1247 327 1291 earum
350 1225 544 1307 litterarum,
568 1249 651 1312 quae
674 1229 786 1313 quales
806 1231 916 1294 essent
935 1228 1004 1294 erui
1022 1249 1088 1293 non
1106 1232 1228 1313 posset,
1251 1228 1361 1312 spatia

218 1333 271 1398 nbi
294 1333 417 1399 licebat
438 1335 608 1400 numerari
630 1334 810 1421 horumque
834 1356 1004 1400 numerum
1023 1334 1205 1417 spatiorum
1224 1333 1361 1400 totidem

215 1440 344 1524 punctis
367 1439 481 1506 mediis
506 1440 648 1526 signavi,
680 1441 770 1507 velut
792 1465 820 1507 r.
847 1442 888 1507 14
910 1457 1097 1526 amnena,
1129 1457 1214 1505 urna
1224 1485 1320 1506 .....
1331 1457 1362 1506 n.

203 1545 245 1634 ,A
278 1568 342 1632 quo
372 1567 488 1632 genere
518 1551 710 1632 punctorum
738 1548 826 1613 aliud
854 1569 957 1634 genus
980 1548 1052 1631 ipsa
1078 1546 1185 1613 forma
1212 1547 1359 1631 discrevi,
1373 1575 1408 1616 11

215 1675 280 1739 quo
311 1653 383 1738 ipse
416 1653 570 1720 librarius
602 1658 639 1720 u't
671 1655 898 1740 compendium
930 1655 1108 1740 scripturae
1135 1653 1258 1720 faceret
1286 1676 1362 1720 usus

216 1765 275 1847 est,
298 1764 386 1826 515.
410 1761 453 1826 92
475 1777 561 1839 uro·
585 1767 618 1828 et
640 1780 1018 1848 uumosomuosonaa,
1039 1763 1120 1828 item
1142 1779 1227 1841 uno·
1250 1761 1362 1826 5205.

215 1867 290 1932 352.
313 1867 388 1932 311.
433 1883 556 1946 QUJTQ·
578 1869 654 1936 855.
698 1868 785 1936 N'am
813 1873 942 1954 praeter
969 1871 1032 1936 hoe
1059 1869 1168 1955 ipsum
1195 1887 1265 1948 Qun
1292 1889 1363 1952 par·

216 1974 366 2040 cissimus
390 1974 463 2060 ille,
490 1979 527 2042 ut
550 1982 601 2042 est
623 1981 889 2061 consentaneum,
917 1977 1181 2061 compendiorum
1204 1975 1281 2059 fuit,
1304 1995 1363 2040 nec

218 2080 285 2146 fere
308 2081 495 2148 huiusmodi
516 2083 551 2148 in‘
570 2084 760 2150 Trinummo
783 2083 957 2169 quicquam
979 2085 1087 2148 exstat
1109 2080 1280 2166 praetenti
1303 2102 1362 2165 pro

215 2204 287 2252 uon
310 2210 339 2254 5.
362 2189 427 2254 308
456 2189 656 2256 5115515555
686 2189 848 2256 55155555
882 2211 911 2254 5.
934 2189 1009 2256 545.
1058 2187 1103 2255 Vt
1125 2191 1249 2272 autem,
1280 2208 1362 2273 quae

215 2301 416 2362 evanuerunt
449 2295 591 2381 litterae,
622 2295 721 2362 etiam
752 2319 816 2382 qua
845 2296 913 2361 fere
942 2317 1094 2362 mensura
1123 2299 1231 2361 essent
1253 2295 1363 2380 aliqua

215 2405 300 2467 carte
323 2423 361 2467 ex
385 2405 478 2488 parte
505 2403 736 2490 significarem:
759 2403 850 2491 (nam
875 2407 1062 2470 constanter
1084 2403 1146 2470 hoc
1169 2403 1240 2468 fieri
1262 2403 1363 2488 pluri-

216 2529 286 2572 mas
309 2509 351 2574 ob
375 2530 507 2574 caussae
531 2532 597 2576 non
618 2509 754 2597 potuitz)
777 2511 839 2576 555
861 2515 942 2576 5515
966 2513 972 2576 Ι
997 2533 1052 2576 555
1075 2511 1201 2576 litteras
1226 2509 1362 2596 signavi,

215 2637 298 2699 quae
326 2637 400 2681 oum
428 2638 494 2681 una
517 2617 637 2683 lineola
660 2617 920 2702 perpendiculari
943 2619 1106 2702 constent,
1139 2618 1269 2682 exilium
1293 2616 1363 2702 api·
1422 2619 1432 2642 ⁸

215 2742 287 2786 cum
311 2722 492 2788 adiectione
518 2722 605 2788 inter
635 2744 670 2788 se
693 2722 868 2806 discretae,
894 2723 1022 2807 possint
1044 2723 1097 2788 551
1118 2723 1144 2787 Ι
1163 2744 1233 2788 5555
1256 2723 1309 2788 vel
1330 2723 1366 2788 Ε

215 2829 266 2892 551
291 2828 322 2892 Τ
342 2829 392 2894 551
414 2829 463 2895 F:
497 2853 516 2894 5
540 2852 677 2916 quarum
701 2829 915 2896 similitudine
939 2852 1066 2895 summa
1089 2829 1235 2914 proxime
1258 2829 1291 2894 P
1309 2829 1362 2894 lit·

213 2936 293 3019 tera,
316 2934 426 3020 aliquo
449 2936 621 3004 intervallo
640 2937 675 3004 B
694 2941 727 3002 et
745 2937 780 3002 D
802 2938 932 3022 absunt,
955 2937 1052 3022 longe
1075 2941 1186 3002 autem
1208 2936 1363 3020 amplitu-

214 3041 289 3106 dine
314 3063 373 3108 sua
397 3044 486 3108 velut
509 3043 549 3127 A,
573 3043 614 3109 H
632 3041 737 3129 (cuius
760 3049 915 3109 constans
939 3042 1018 3108 haec
1040 3042 1148 3108 forma
1170 3045 1221 3108 est
1242 3041 1307 3128 K),
1326 3041 1363 3126 U,

213 3146 259 3233 R,
289 3148 315 3229 Q
343 3147 480 3234 distant,
513 3149 643 3236 longius
674 3150 773 3215 etiam
795 3150 841 3216 M
858 3153 891 3214 et
913 3150 956 3215 N.
1001 3146 1050 3214 De
1073 3171 1137 3234 quo
1160 3149 1227 3214 iam
1249 3148 1363 3214 monui

217 3253 382 3338 Parergon
423 3255 649 3322 Plautinorum
691 3280 724 3342 p.
760 3257 827 3322 284
859 3259 982 3341 annot,
1023 3255 1213 3341 explicatius
1255 3258 1364 3320 autem

217 3360 331 3445 dicam,
354 3361 411 3428 ubi
434 3361 644 3429 Ambrosiani
671 3363 793 3429 codicis
818 3363 1012 3447 scripturam
1035 3363 1184 3448 exemplo
1207 3361 1362 3448 lithogra-

217 3467 273 3550 phi
297 3473 367 3534 arta
390 3469 478 3536 facto
502 3470 682 3556 declarabo,
706 3471 801 3555 quale
824 3470 890 3535 iam
905 3469 1051 3555 Angelus
1065 3470 1173 3535 Maius
1196 3468 1298 3534 edidit
1321 3468 1362 3534 ad

216 3574 451 3640 emendandum
474 3574 628 3642 Plautum
651 3577 874 3643 utilissimum.
918 3575 1004 3642 Hine
1027 3577 1113 3642 enim
1137 3581 1196 3662 est,
1218 3579 1255 3642 ut
1276 3597 1362 3642 nunc

216 3679 362 3765 exemplo
385 3685 514 3749 tantum
537 3688 621 3768 utar,
646 3685 731 3770 quod
753 3685 788 3750 in
813 3683 971 3750 Palatinis
993 3683 1102 3769 libris,
1125 3685 1181 3770 qui
1204 3705 1221 3748 e
1245 3684 1362 3750 similis

217 3787 400 3871 scripturae
423 3789 532 3854 codice
556 3795 740 3876 manarunt,
762 3791 852 3856 55151
875 3791 969 3856 listro
992 3790 1150 3875 reperitur
1172 3811 1231 3874 pro
1253 3791 1362 3855 iiatro

215 3915 244 3958 5.
267 3894 299 3978 3,
322 3895 422 3962 lmodo
446 3917 506 3980 pro
531 3898 543 3962 i
564 3899 655 3964 modo
679 3921 707 3964 5.
730 3898 805 3963 583.
828 3898 903 3982 581,
928 3897 962 3962 tn
984 3919 1043 3981 pro
1068 3897 1102 3962 15
1125 3918 1154 3961 5.
1178 3895 1257 3962 651:
1287 3896 1362 3961 hine

213 3999 294 4064 illud
319 4022 446 4087 quoque
470 4003 573 4070 multo
597 4005 728 4090 gravius
752 4003 847 4090 quod,
870 4026 943 4070 cum
965 4005 1154 4089 plerumque
1172 4024 1213 4067 ne
1236 4003 1270 4067 in
1285 4001 1362 4067 Am-

215 4107 369 4174 brosiano
393 4109 524 4193 quidem
537 4109 562 4176 Ι
572 4111 654 4176 5111
674 4111 813 4178 discerni
835 4109 974 4195 possint,
996 4111 1206 4196 perexiguam
1229 4109 1362 4175 illorum

213 4213 371 4282 librorum
401 4237 472 4282 esse
495 4215 591 4282 fidem
616 4218 824 4302 consequitur
847 4217 888 4282 ad
910 4215 1079 4282 testandas
1102 4216 1361 4281 accusativorum

212 4319 337 4388 formas
360 4323 463 4400 munis
484 4342 601 4407 omues,
629 4326 662 4388 et
689 4345 772 4408 quae
800 4324 917 4390 harum
946 4321 1069 4387 similes
1093 4329 1170 4386 sunt
1192 4321 1362 4406 plurimae.

215 4426 418 4493 -Omnem
447 4432 556 4496 eutem
584 4429 831 4496 annotationem
859 4449 965 4496 meam
993 4450 1254 4514 unumquemque
1281 4433 1361 4513 puto

215 4533 315 4600 etiam
334 4557 386 4600 ma
404 4557 470 4602 non
489 4539 640 4624 monente
658 4535 708 4602 ita
725 4538 1079 4623 interpretaturum,.ut
1097 4537 1136 4602 de
1150 4536 1360 4604 Ambrosiani
1374 4563 1422 4603 1111

266 4657 308 4693 55.
327 4656 478 4694 muscanea
497 4657 634 4696 orvscvnn
652 4659 677 4696 v.
1115 4647 1148 4696 19
