3338 5072
535 401 800 449 nnnuoaurours
823 401 1031 448 unsverain.
1290 379 1354 445 369

213 544 346 610 maioris
370 543 570 628 integritatis
595 544 733 628 speeiem
756 544 957 610 mentiantur
979 545 1116 626 tantum,
1138 563 1252 625 reapse
1276 541 1355 605 adeo

214 651 399 738 graviorem
422 650 709 735 interpolationem
730 672 845 734 passae
869 652 948 716 sint:
972 650 1059 736 quod
1081 653 1119 715 ut
1142 649 1269 714 credam
1291 669 1357 713 non

214 757 302 823 leves
333 779 384 822 me
414 777 548 823 caussae
579 760 724 822 movent:
761 759 889 822 tantum
917 756 1215 842 exploratissimum
1243 755 1358 838 habeo,

215 886 286 929 earn
310 865 551 949 correptionum
573 864 815 929 multitudinem
821 891 833 948 ‚-
858 886 954 949 quam
983 864 1019 929 in
1041 861 1275 928 schediasmate
1299 882 1357 926 suo

216 993 318 1056 aequo
332 953 456 1036 ‘animo
484 968 652 1036 Bentleius
679 971 769 1055 tulit,
802 992 821 1034 a
848 969 1001 1035 Plautina
1030 968 1158 1055 quidem
1189 972 1257 1033 arte
1288 989 1358 1034 esse

216 1078 457 1144 alienissimam.
510 1075 714 1161 Quamquam
744 1077 843 1142 etiam
873 1076 957 1161 apud
986 1075 1185 1142 Terentium
1207 1073 1359 1160 quantilli

215 1184 341 1270 negotii
369 1187 425 1249 aut
452 1184 628 1268 quantillus
657 1205 776 1268 quaeso
806 1183 959 1250 audaciae
989 1187 1053 1266 est,
1084 1181 1230 1249 velutin
1254 1181 1360 1266 prima

218 1290 360 1357 Andriae
388 1313 506 1357 scaena
534 1291 666 1356 duriora
692 1291 752 1356 illa
777 1297 807 1356 et
831 1292 868 1356 td
891 1295 1030 1374 pratum,
1061 1291 1114 1356 sed
1134 1289 1187 1355 bic
1208 1287 1288 1354 mibi
1314 1287 1360 1353 sic

216 1418 393 1463 removere:

307 1537 352 1604 Et
375 1539 504 1624 gratum
527 1539 561 1603 id
584 1539 686 1605 fuisse
710 1541 884 1606 aduersum
908 1543 940 1606 te
963 1540 1068 1607 habeo
1092 1541 1240 1626 gratiam.

309 1642 371 1710 Sed
394 1644 455 1710 hcc
478 1645 696 1710 molestumst:
718 1647 794 1711 nam
817 1646 918 1712 istaec
941 1647 1215 1713 commemoratio.

220 1783 283 1852 Vel
310 1786 345 1850 in
371 1786 477 1871 prima
506 1808 623 1852 scaena
647 1765 818 1872 Adelphon
847 1788 1031 1874 graviorem
1056 1789 1155 1854 etiam
1178 1788 1295 1855 horum
1319 1789 1365 1855 ol·
1379 1807 1455 1850 cxrx

221 1891 413 1958 sensionem:
449 1895 535 1960 αιιιᾶέ
561 1895 686 1959 dubitur
713 1915 733 1959 u
761 1915 809 1960 me
835 1901 1009 1980 carpentius,
1037 1895 1137 1962 scunt
1157 1917 1222 1978 pur
1244 1897 1365 1978 referre,

222 1999 294 2084 quis
317 1999 481 2066 dubitabit
503 1999 565 2065 bac
588 1999 812 2064 emendatione
834 2000 962 2066 tollere:

313 2139 426 2207 Amat:
450 2145 469 2206 a
494 2165 544 2206 me
568 2145 739 2228 argeutum
761 2141 898 2226 dabitur,
922 2141 998 2207 dum
1023 2144 1084 2207 erit
1103 2143 1316 2209 commodum.

312 2245 426 2313 Studet
448 2248 582 2314 referre:
604 2251 761 2332 praesens
785 2249 965 2334 absensque
988 2247 1076 2314 idem
1099 2250 1174 2315 erit:

224 2391 414 2475 praesertim
442 2412 514 2457 cum
542 2392 736 2475 compererit
762 2363 797 2455 in
824 2391 897 2457 aliis
925 2392 1018 2457 libris
1048 2413 1118 2458 esse
1142 2413 1207 2475 par
1223 2392 1302 2474 puri
1323 2412 1367 2456 re
1431 2403 1434 2410 '

222 2497 311 2577 ferre,
334 2497 369 2562 in
388 2497 462 2564 aliis
477 2519 539 2580 par
552 2498 672 2578 referre,
696 2497 791 2581 unde,
813 2499 973 2582 quemodo
989 2483 1131 2565 creverit
1148 2499 1369 2584 interpolatio,

224 2605 393 2688 tamquam
421 2604 455 2669 in
483 2602 593 2669 oculos
621 2603 767 2668 incurrit.
811 2602 861 2668 De
885 2605 1036 2689 qualibus
1059 2607 1125 2671 iam
1148 2606 1226 2671 olim
1250 2605 1370 2688 monui,

226 2731 300 2774 cum
324 2707 380 2773 ‘de
404 2709 628 2775 emendatione
651 2710 837 2775 fabularum
851 2711 1134 2777 Terentianarum'
1149 2709 1370 2777 Vratislaviae

227 2838 255 2879 a.
278 2831 571 2882 cmmoccxxxvnr
596 2817 652 2897 [=
668 2815 783 2901 Opuac.
806 2816 885 2900 phil.
909 2817 958 2882 III
981 2841 1011 2902 p.
1026 2819 1088 2885 281
1102 2821 1184 2902 sqq]
1209 2839 1369 2883 commen-

228 2925 316 2987 tatus
340 2944 420 2986 sum.
433 2919 465 3008 ²⁸³)
511 2922 573 2987 His
603 2925 711 2988 autem
740 2923 836 3006 plane
860 2924 1034 3008 gemellum
1058 2924 1254 3008 exemplum,
1285 2923 1371 3009 quod
1385 2942 1448 2984 cxx

227 3029 409 3095 Trinummi
432 3051 461 3093 v.
487 3029 550 3094 109
574 3030 741 3094 exstabat:

317 3201 455 3274 ·)1bi[1.
475 3220 497 3258 a.
517 3221 537 3258 s.
557 3221 584 3275 p.
604 3205 734 3276 296sq.],
758 3206 791 3258 ut
808 3205 862 3261 boc
880 3203 995 3271 addam,
1018 3221 1053 3260 ne
1077 3205 1239 3262 accdicum
1259 3204 1372 3275 quidem

230 3291 401 3348 auctoritate
418 3290 503 3347 fidem
521 3291 626 3347 babere
644 3293 723 3347 velut
740 3293 792 3348 bos
811 3292 970 3350 horridulos
987 3293 1141 3350 versiculos
1156 3294 1239 3374 docui
1254 3293 1372 3364 Adelph.

229 3381 301 3451 prol.
319 3387 337 3435 4
355 3381 422 3449 ecl,
444 3387 466 3449 1,
486 3385 532 3434 1⁶:

391 3485 497 3542 lndlcio
516 3487 551 3541 de
571 3503 600 3542 se
619 3486 679 3557 ipse
698 3487 764 3554 erit,
782 3501 832 3544 uos
851 3487 928 3542 eritis
946 3487 1062 3544 iudices.

391 3575 483 3645 Atque
501 3577 535 3630 tr
552 3592 598 3630 me
617 3577 664 3632 hio
681 3577 763 3633 natur
781 3579 838 3632 non
856 3578 912 3645 est,
931 3577 980 3633 sed
998 3595 1032 3634 ac
1048 3580 1144 3646 fratre.
1163 3581 1187 3634 la
1206 3579 1289 3636 adeas

232 3699 350 3754 quorum
372 3680 527 3753 posteriore
551 3682 587 3736 ad
610 3675 827 3739 intolerabilem
841 3686 1006 3753 quattuor
1029 3685 1243 3743 consonantium
1267 3702 1374 3754 correp·

231 3772 337 3828 tionem
361 3768 472 3827 accedit
493 3769 598 3826 vitiosa
620 3771 741 3826 admisso
765 3771 795 3825 in
818 3771 947 3840 quintum
969 3773 1070 3843 pedem
1093 3775 1205 3846 dactylo
1224 3773 1375 3844 diremptio

232 3859 434 3917 vocabulorum
446 3869 492 3912 -e
504 3860 514 3928 Ι
526 3883 607 3926 oo-‚
626 3859 714 3914 multo
732 3858 784 3913 illa
802 3859 892 3930 magis
910 3860 1033 3917 insolens
1052 3880 1137 3933 quarn
1151 3865 1222 3919 baec
1235 3875 1323 3916 -coo
1338 3863 1343 3934 Ι
1358 3906 1376 3916 -

231 3947 262 4003 in
280 3947 436 4003 Trinummi
453 3965 480 4002 v.
500 3953 565 4003 651:
593 3953 624 4001 at
641 3947 738 4002 solitus
756 3964 796 4014 es,
819 3947 865 4002 vel
884 3948 1002 4020 Adelph.
1023 3951 1044 4020 1,
1065 3957 1089 4020 1,
1109 3959 1138 4006 4:
1167 3953 1304 4006 cesetius
1329 3957 1375 4006 est.

235 4035 327 4101 Quare
349 4035 418 4107 ipsis
442 4035 576 4092 librorum
600 4035 727 4106 vestigiis
750 4036 845 4104 eisque
864 4040 997 4108 exparte
1016 4057 1129 4109 prorsus
1147 4039 1319 4106 manifestis,
1348 4041 1377 4093 et

233 4123 493 4194 antiquissimorum
517 4123 630 4193 quidem
654 4124 878 4195 optimorumque
901 4125 1050 4196 librorum,
1078 4143 1145 4182 usus
1169 4144 1230 4182 sum
1249 4127 1285 4182 ad
1304 4126 1377 4182 hanc

234 4212 357 4282 speciem
374 4228 506 4268 ramnum
523 4211 637 4268 illorum
656 4212 917 4270 commendandam:

394 4318 501 4374 Indlcio
520 4318 555 4372 de
574 4333 603 4372 se
622 4316 692 4387 ipse,
711 4319 741 4373 et
757 4335 808 4375 uos
828 4318 906 4374 eritis
924 4320 1039 4378 iudices.

395 4408 487 4476 Atque
506 4407 540 4461 ex
558 4423 602 4461 me
621 4406 668 4461 hic
686 4407 769 4462 notus
788 4411 914 4476 nonest,
934 4409 982 4464 sed
1001 4409 1088 4464 lratre
1108 4411 1142 4464 ex
1160 4427 1235 4465 meo:

395 4494 533 4552 Dissimili
550 4495 575 4550 is
594 4495 715 4550 studiost
732 4494 789 4550 iam
808 4496 873 4551 lude
892 4498 928 4552 ab
948 4497 1146 4556 adulescentie.

290 4601 331 4638 rs.
350 4601 500 4638 sinuosum
518 4599 656 4639 orvscvns
674 4601 699 4637 v.
1132 4593 1167 4642 24
