3338 5072
314 375 379 441 338
602 391 865 441 accercendus
888 391 936 440 nn
960 391 1171 440 narrournvs

312 533 475 600 uasculeun
497 536 660 599 uicarium
684 535 858 600 scriberem
884 535 1075 601 uasculum
1097 535 1273 611 uicarium,
1305 534 1385 598 item
1407 555 1459 598 co·

314 641 421 707 dicum
445 663 496 707 me
520 643 660 727 vestigia
683 645 869 726 moverunt,
899 641 1075 727 inquibus
1099 644 1150 706 est
1172 640 1331 705 uiuillum:
1364 660 1459 725 aegre

314 749 401 813 euim
424 749 612 833 perspicias,
635 749 692 834 qui
716 748 795 815 adeo
820 748 987 814 obscurari
1009 747 1235 833 planissimum
1260 751 1294 812 et
1318 769 1378 812 usu
1401 747 1457 812 tri·

312 859 383 920 tum
410 857 572 922 uaeculum
600 856 753 940 potuerit.
798 854 875 921 Non
902 854 1120 938 incommode,
1152 855 1243 920 cuius
1276 854 1458 940 significare

312 962 493 1028 exilitatem
522 963 637 1047 vellet,
668 983 791 1028 eumcum
819 964 983 1028 uicarium
1014 963 1107 1046 dixit,
1140 961 1179 1026 de
1207 982 1271 1045 quo
1299 960 1458 1026 vocabulo

314 1069 454 1153 Appulei
481 1071 675 1154 interpretes
703 1073 840 1154 egerunt
867 1070 907 1134 ad
936 1069 1066 1135 Metam.
1093 1068 1140 1134 XI
1165 1068 1251 1133 init:
1285 1067 1458 1133 deminuti-

312 1196 386 1239 vam
413 1177 587 1242 aesculus
615 1176 755 1241 formam
784 1181 816 1241 et
838 1175 954 1240 Festus
983 1179 1123 1240 testatur
1146 1179 1180 1239 et
1201 1174 1235 1238 in
1259 1174 1459 1259 quibuslibet

312 1281 480 1346 adiectiris
504 1284 662 1348 sermonis
681 1304 783 1368 genus
798 1282 990 1348 Plautinum
1009 1280 1163 1365 admittit,
1187 1279 1458 1365 quemadmodum

312 1387 376 1452 alia
400 1405 537 1473 quoque,
560 1393 597 1454 ut
619 1390 809 1468 causaue,
833 1389 1077 1471 liqur'diusoulus,
1102 1387 1201 1452 semel
1214 1383 1352 1451 'tantum
1370 1409 1458 1471 repe

312 1495 449 1560 riuntur.
496 1495 566 1572 Quo
596 1496 701 1560 minus
729 1497 851 1561 veritus
881 1518 952 1561 eum
975 1517 1035 1579 pro
1052 1495 1177 1577 placide
1199 1516 1228 1558 v.
1253 1495 1317 1559 726
1341 1495 1458 1560 substi-

311 1604 402 1666 tuere
437 1598 692 1688 plucidule*):
738 1602 931 1687 praesertim
973 1624 1045 1666 oum
1083 1601 1241 1666 adiectivo
1277 1601 1457 1684 placidulus

312 1709 411 1772 etiam
443 1707 608 1773 Ausonius
643 1713 760 1774 utatur.
797 1745 840 1756 -
878 1708 984 1774 Paene
1018 1708 1138 1773 oblitus
1172 1729 1244 1772 sum
1277 1707 1456 1791 repositum

312 1836 341 1879 v.
356 1815 421 1880 820
442 1817 662 1898 sulipoteuti
686 1815 865 1898 defendere,
888 1815 940 1879 vel
963 1816 1073 1899 potius
1096 1815 1251 1900 repellere
1273 1836 1331 1899 per
1353 1815 1456 1879 libros

312 1943 423 1988 omnes
455 1925 673 2009 propagatum
705 1922 904 2005 salamone.
961 1921 1053 1998 Quod
1086 1945 1204 2007 quaero
1238 1923 1292 2007 qui
1325 1921 1456 1987 tandem

311 2032 423 2092 tueare
447 2030 589 2113 omnino,
612 2051 685 2094 cum
708 2033 795 2093 recte
814 2049 891 2093 sane
909 2029 1027 2094 salmom
1047 2050 1116 2093 esse
1135 2049 1224 2093 mare
1243 2027 1378 2112 dicatur,
1401 2027 1456 2092 sed

311 2157 370 2200 nec
401 2137 519 2201 salsum
550 2157 611 2200 neo
642 2136 729 2200 salsa
754 2157 910 2220 umquam
932 2134 967 2200 in
991 2134 1155 2199 latinitate
1181 2155 1241 2219 pro
1270 2135 1342 2218 ipso
1371 2135 1453 2199 mari

182 2267 297 2308 nxxxrr
310 2242 397 2308 diota
421 2244 497 2326 sint,
520 2265 560 2307 ne
584 2244 625 2308 ab
649 2244 689 2308 iis
713 2242 843 2327 quidem
866 2242 972 2326 poetis
995 2241 1050 2324 qui
1073 2241 1190 2306 talium
1213 2241 1302 2306 fuere
1325 2241 1455 2306 feracis-

311 2350 397 2414 simi:
427 2355 465 2414 ut
485 2350 667 2432 soleipolone
688 2347 860 2434 Neptunus
884 2371 950 2413 non
973 2349 1018 2412 sit
1040 2348 1122 2412 alius
1145 2347 1274 2412 futurus
1298 2349 1361 2412 niel
1386 2370 1455 2413 mu·

312 2456 499 2521 riaticorum
522 2458 648 2538 potens.
686 2451 807 2520 Contra
830 2459 863 2519 et
885 2455 950 2520 sule
974 2457 1007 2518 et
1028 2454 1094 2518 culo
1118 2453 1184 2517 iam
1208 2454 1342 2538 antiqua
1365 2457 1455 2519 aetas

311 2561 394 2626 dixit
416 2583 476 2645 pro
500 2583 537 2627 eo
561 2561 646 2648 quod
670 2565 720 2626 est
744 2558 927 2647 ‘mari'.**)
972 2558 1109 2624 Accedit
1138 2558 1223 2643 quod
1245 2581 1360 2643 parum
1382 2583 1455 2645 pro·

310 2668 396 2734 fecto
415 2669 582 2754 eleganter
603 2669 819 2751 solsipotcuti
832 2669 979 2750 Neptuno
997 2671 1025 2732 et
1041 2665 1184 2747 usaue
1205 2665 1321 2730 salsis
1343 2667 1454 2731 laudes

311 2775 365 2860 agi
393 2779 564 2860 gratesque
592 2776 706 2841 haberi
734 2776 893 2841 dicuntur.
916 2811 961 2821 -
984 2771 1045 2838 His
1068 2775 1105 2837 ut
1127 2770 1258 2836 tandem
1282 2772 1380 2837 finem
1402 2773 1450 2836 fa-

310 2881 394 2945 ciam
409 2919 450 2930 --
465 2904 542 2946 nam
562 2881 673 2947 cornia
691 2881 886 2946 exhausturo
905 2878 1157 2946 commentarius
1180 2881 1355 2962 perpetuus
1379 2881 1455 2944 scri·

310 2987 432 3052 bendue
456 2988 500 3052 eit
527 2988 629 3053 —de
657 2987 817 3073 corruptis
845 3010 874 3052 r.
900 2987 983 3052 1021
1012 2984 1197 3050 nominibus
1224 2985 1365 3069 propriis
1394 2986 1456 3052 etsi

310 3094 447 3160 aliorum
467 3093 586 3160 iudicia
605 3099 748 3180 expecto,
771 3094 985 3179 probabiliter
1003 3097 1112 3157 tamen
1132 3096 1165 3156 et
1180 3091 1386 3158 Chirucbus
1409 3093 1455 3158 in-

309 3199 442 3265 ventum
474 3203 552 3284 puto
586 3203 619 3264 et
649 3200 687 3264 de
720 3199 897 3266 Cereobolue
928 3198 1126 3279 dubitatum,
1158 3197 1235 3281 quia
1267 3200 1307 3264 ab
1343 3199 1475 3265 eadem·

309 3309 420 3384 κέρκος
443 3327 521 3371 voce
544 3304 667 3371 factum
690 3328 809 3372 nomen
823 3305 1003 3372 Guoouuus
1026 3302 1203 3388 praecedit:
1228 3304 1313 3388 quod
1333 3307 1395 3372 etsi
1414 3308 1454 3372 ad

309 3413 416 3496 ipsam
434 3412 626 3477 furatrinam
645 3435 710 3478 non
728 3414 824 3496 valet,
843 3419 954 3478 tamen
973 3415 1011 3476 ut
1029 3411 1181 3475 liberiore
1195 3411 1324 3477 iocandi
1338 3435 1453 3498 genere

309 3519 417 3585 lusum
431 3521 485 3584 vix
499 3520 602 3584 ausim
618 3520 801 3586 sollicitare.
825 3519 948 3595 Quodsi
962 3518 1142 3602 repositum
1158 3517 1374 3586 Orioolcbus
1388 3543 1454 3586 non

310 3628 360 3690 est
382 3625 541 3690 dissimile
564 3627 644 3710 veri,
673 3647 872 3711 consequens
897 3628 947 3690 eet
970 3628 1007 3689 ut
1029 3625 1113 3689 tueri
1137 3625 1233 3688 liceat
1254 3626 1453 3692 trochaicam

309 3754 493 3798 mensuram
517 3733 661 3819 contigui
684 3732 834 3815 nominis,
857 3731 944 3818 quod
967 3733 1002 3794 in
1024 3732 1117 3795 libris
1137 3731 1291 3796 scribitur
1309 3735 1452 3799 munus:

309 3863 375 3904 non
403 3841 523 3905 insulse
553 3841 654 3926 igitur
684 3841 858 3906 Crimuus
888 3839 949 3904 dici
981 3839 1069 3903 visus
1097 3842 1263 3922 tamquam
1286 3839 1454 3906 famelicus

308 3949 446 4027 rpiuvorc
469 3947 501 4011 h.
516 3971 541 4012 e.
561 3947 653 4012 micis
672 3948 768 4032 panis
788 3948 857 4031 ipse
876 3945 1103 4030 intentus.***)
1132 3944 1171 4010 In
1194 3945 1343 4012 hibridee
1366 3948 1453 4028 vocis

308 4055 448 4138 speciem
476 4057 513 4120 ut
540 4055 606 4119 alia
632 4055 717 4138 apud
741 4054 891 4119 Plautum
918 4053 1028 4118 fiotum
1052 4074 1122 4117 csse
1146 4051 1324 4118 Collatus
1345 4057 1454 4138 potest

397 4319 423 4386 ⁸)
443 4319 588 4388 [plaudet
607 4317 705 4386 Τὼ),
724 4319 758 4374 of.
780 4320 849 4375 Nov.
870 4335 928 4374 exo.
948 4319 960 4372 I
979 4339 1005 4389 p.
1025 4318 1080 4388 88.]

378 4407 422 4475 **)
441 4405 492 4475 [Os.
513 4407 614 4476 Opnsc.
633 4406 703 4476 phil.
724 4407 761 4460 llI
780 4425 807 4477 p.
827 4414 878 4463 146
889 4409 962 4479 sqq]

361 4493 417 4562 m)
438 4493 553 4564 [Griuue
571 4494 669 4548 Tria&
707 4495 748 4550 cf.
768 4496 870 4566 Opuec.
889 4497 957 4567 phil.
977 4497 1016 4551 ΠΙ
1034 4517 1061 4568 p.
1081 4503 1184 4567 31’lsq.
1204 4496 1277 4568 stu]
