3302 5076
594 394 828 444 nsrsnuscna
852 395 979 443 annau.
1291 379 1355 444 663

212 542 299 604 recte
331 560 403 603 eam
435 537 699 622 interpretemur,
729 537 945 603 humanitatis
974 537 1023 603 vis
1054 543 1087 602 et
1117 537 1260 623 dignitas
1288 538 1355 604 ullo

210 649 307 731 pacto
338 644 539 729 adversetur,
567 645 617 710 vel
646 645 716 710 sine
746 645 950 711 humanitate
973 645 1030 711 illa
1052 645 1125 730 ipsa
1147 645 1255 730 possit
1278 668 1355 711 snae

211 751 423 817 beatitudinis
452 773 604 818 numeros
637 752 781 837 implere.
835 750 957 829 Quodsi
988 754 1102 817 contra
1133 752 1194 818 hos
1227 775 1355 838 quoque

214 881 280 924 non
318 858 444 924 videtur
476 859 607 944 gravius
639 860 673 923 et
704 857 868 924 efficacius
900 858 964 924 dici
995 879 1091 944 posse
1128 881 1226 944 qnam
1253 858 1355 925 Hum-

211 965 371 1032 boldtiani
397 964 537 1049 exempli
565 965 773 1032 anctoritate:
800 970 912 1032 tamen
934 965 1017 1032 hora
1040 970 1162 1048 monet,
1189 987 1230 1031 ne
1253 967 1354 1051 expli-

210 1072 313 1138 catius
351 1093 435 1138 nunc
470 1074 669 1158 pertractato
705 1093 743 1137 eo
775 1070 860 1155 loco,
898 1072 953 1156 qui
983 1075 1076 1158 patet
1107 1072 1264 1138 latissime
1296 1093 1354 1138 nec

210 1182 319 1264 potest
337 1179 449 1264 paucis
468 1178 704 1263 comprehendi,
727 1182 844 1261 vestra,
869 1178 1041 1262 auditores,
1063 1179 1223 1264 patientia
1242 1180 1354 1245 abuta-

210 1308 290 1352 mur.
334 1285 449 1370 Itaque
470 1285 504 1350 in
526 1286 624 1351 aliam
647 1284 925 1371 opportunitatem
946 1285 1007 1351 hoc
1029 1288 1081 1350 sat
1108 1285 1201 1371 gravi
1228 1285 1354 1352 dicendi

210 1395 401 1479 argumento
434 1392 535 1458 dilato
564 1414 602 1458 eo
629 1393 695 1458 iam
728 1390 926 1457 redeundum
959 1394 1021 1476 est,
1054 1393 1152 1478 unde,
1183 1396 1220 1458 ut
1250 1415 1355 1458 rever·
1392 1411 1403 1440 ¹

210 1504 340 1584 teretur,
362 1499 494 1564 deflexit
511 1499 627 1584 oratio,
650 1499 690 1564 ed
709 1498 930 1564 Faronnrcvn
949 1497 1163 1565 Gvrunnnvn
1182 1497 1241 1584 ΙΙΙ,
1264 1499 1354 1564 cuius

210 1608 370 1692 sapientia
402 1606 540 1689 factum,
577 1611 613 1672 ut
643 1605 728 1672 tanti
764 1609 896 1690 tamque
925 1628 944 1670 a
971 1604 1202 1690 praeiudicatie
1231 1607 1353 1692 opinio-

208 1715 304 1780 nibus
327 1713 422 1779 liberi
449 1714 499 1778 vir
525 1711 660 1796 ingenii,
692 1711 821 1796 qualem
849 1709 1062 1777 Gvronauvn
1091 1710 1354 1778 annonnrrvn

210 1843 414 1905 veneramur,
442 1842 480 1886 eo
504 1821 538 1884 in
560 1819 632 1885 loco
656 1817 884 1902 collocaretur,
912 1819 946 1883 in
970 1839 1034 1902 quo
1058 1799 1212 1903 quamdiu
1235 1820 1353 1884 consti·

209 1932 301 2012 tutus
324 1930 403 2010 erat,
425 1927 497 2012 pari
521 1930 554 1991 et
577 1924 696 1990 litteris
721 1927 754 1988 et
776 1923 976 2007 reipublicae
999 1946 1071 1989 cnm
1090 1923 1259 1990 commodo
1283 1931 1353 1990 tum

211 2036 402 2099 ornamento
431 2033 503 2098 fuit
543 2030 612 2097 Nec
634 2034 768 2117 propter
790 2031 878 2096 illius
902 2030 1084 2096 ubertatem
1107 2034 1235 2096 tantum
1259 2052 1353 2117 argu-

211 2140 325 2224 menti,
353 2161 450 2225 quam
477 2160 545 2204 non
573 2159 688 2223 capere
714 2137 814 2204 horae
841 2136 937 2202 huius
965 2135 1134 2222 angustias
1158 2137 1353 2223 significari·

209 2267 291 2330 mus,
313 2246 366 2312 hic
390 2244 630 2312 subsistendum
653 2243 885 2329 intellegimus,
908 2242 965 2308 sed
989 2243 1088 2309 etism
1111 2243 1196 2329 quod
1219 2249 1354 2330 restant,

210 2373 293 2436 quae
315 2373 388 2417 curn
410 2350 564 2418 Eiusdem
587 2349 687 2434 Regis
710 2349 804 2414 Illius
834 2348 1032 2414 liberalitate
1060 2353 1137 2415 sunt
1159 2350 1351 2417 coniunctis·

210 2458 300 2524 sima.
346 2457 525 2524 Dicendum
557 2456 644 2521 enim
676 2455 715 2520 de
747 2455 788 2520 iis
821 2458 872 2520 est
903 2455 1148 2541 certaminibus,
1181 2480 1265 2542 quae
1294 2458 1353 2524 Ille

210 2563 369 2650 singulari
406 2563 579 2630 clementia
611 2586 630 2628 a
662 2584 696 2628 se
728 2562 883 2628 instituta
919 2585 991 2628 cum
1024 2563 1207 2630 studiorum
1239 2565 1352 2631 incita·

209 2675 321 2736 mento
349 2692 419 2736 esse
446 2673 516 2734 turn
545 2669 765 2734 liberaliorem
793 2669 977 2736 litterarum
1005 2671 1236 2737 tractationem
1266 2673 1353 2740 alere

212 2777 372 2862 imprimis
396 2776 509 2843 voluit.
533 2813 573 2824 -
599 2813 643 2822 -
669 2811 706 2822 -

764 3131 792 3196 6.

210 3276 345 3341 Oratio
368 3275 411 3341 de
435 3273 658 3339 muneribus
677 3271 956 3338 universitatis
976 3277 1197 3342 curatorum
1217 3279 1256 3342 et
1273 3299 1351 3342 ree-

209 3387 339 3447 torum
368 3380 490 3465 deque
518 3379 708 3445 libertate
737 3377 956 3444 academica
983 3380 1027 3445 ad
1051 3383 1291 3448 rectoratum
1315 3383 1353 3448 in

209 3487 468 3553 universitate
504 3485 721 3551 Fridericia
758 3484 970 3551 Guilelmia
1005 3486 1190 3554 Rhenana
1231 3491 1351 3556 susci·

279 3593 456 3680 piendum
480 3593 541 3658 die
563 3589 675 3656 XVIII
699 3614 740 3656 rn.
764 3589 949 3657 Octobris
973 3615 999 3657 a
1027 3593 1111 3658 1846
1134 3593 1280 3662 habita

298 3734 489 3819 Audivistis,
506 3733 672 3800 auditores
688 3755 747 3800 suo
762 3733 897 3819 quisque
911 3734 983 3800 loco
998 3736 1242 3822 spectatissimi,
1261 3759 1353 3822 quae,

209 3844 321 3930 qualia
334 3847 368 3908 et
382 3844 505 3928 quanta
518 3841 592 3926 sint,
612 3863 693 3927 quae
710 3863 782 3906 cum
797 3861 858 3927 ego
872 3863 958 3907 nunc
976 3842 1010 3908 in
1028 3865 1079 3908 me
1099 3844 1274 3928 receperim
1293 3866 1352 3928 pro

210 3951 297 4016 virili
315 3953 408 4035 parte
428 3950 608 4016 accuranda
627 3953 660 4014 et
678 3947 747 4015 Deo
767 3947 899 4033 Optimo
918 3949 1061 4016 Maximo
1081 3953 1243 4016 annuente
1261 3971 1352 4035 prae-

209 4058 334 4142 standa,
346 4061 416 4122 tum
431 4057 605 4123 coniuncta
619 4077 689 4121 esse
704 4078 777 4122 curn
791 4077 924 4121 munere
935 4056 1082 4122 Rectoris
1097 4055 1272 4122 academici
1286 4079 1352 4121 ma·

209 4163 294 4229 iores
309 4164 490 4230 voluerunt.
513 4163 602 4239 Quae
620 4184 687 4228 non
700 4163 799 4228 mirer
813 4163 841 4227 si
856 4162 928 4248 quis
948 4163 1142 4247 comparatis
1160 4162 1351 4247 praeterito·

208 4291 280 4334 rum
299 4291 373 4334 cum
395 4268 614 4354 praesentium
634 4273 816 4354 temporum
836 4268 1018 4334 rationibus
1039 4267 1125 4333 haud
1145 4269 1257 4352 paullo
1279 4290 1351 4354 gra·

207 4375 301 4441 viora
318 4378 415 4460 atque
437 4374 653 4440 luculentiora
676 4396 746 4440 esse
770 4375 899 4458 sentiat,
922 4396 1020 4458 quam
1044 4374 1162 4458 quibus
1186 4374 1351 4459 explendis

208 4481 385 4548 hodiernae
407 4481 549 4548 tenuitas
573 4481 769 4547 condicionis
792 4503 853 4567 par
875 4481 927 4546 sit
963 4478 1089 4566 Quippe
1113 4503 1186 4547 cum
1208 4481 1352 4568 ipsarum
