3338 5072
284 373 349 440 376
572 390 833 438 ruoceconnrr
857 391 903 437 nn
928 389 1139 439 RATIONIBVS

374 533 458 599 Tute
481 533 567 599 ultro
592 533 632 600 ad
656 554 707 598 me
730 533 870 598 retulisti
894 539 927 599 et
950 532 1068 600 dedisti
1093 555 1165 598 eam
1189 533 1273 599 doud
1298 533 1392 600 mihi:

285 699 420 763 prorsus
444 676 485 742 ad
508 698 581 741 eum
605 674 737 742 modum
760 697 824 760 quo
848 676 946 741 etiam
966 675 1081 742 Bacch.
1095 675 1256 761 111,3,78.
1280 675 1337 760 IV,
1346 677 1375 761 7,
1388 677 1427 742 13

287 790 320 852 et
342 785 400 869 IV,
414 785 444 868 9,
459 784 501 850 36
525 783 611 850 tetuli
624 785 823 866 »corruptum
846 785 897 847 est
920 782 954 846 in
976 783 1092 848 detuli?

374 892 506 957 Praeter
524 910 579 954 eas
596 888 738 972 voculas,
761 911 780 954 a
803 888 920 973 quibus
945 890 1050 954 exorsi
1074 911 1195 975 sumus,
1218 911 1235 954 c
1259 891 1346 956 vitae
1368 911 1429 956 usu

287 999 449 1065 communi
473 999 635 1063 fluxerunt
657 996 757 1061 etium
780 997 866 1061 inde
888 999 982 1062 unde
1006 999 1108 1063 intus
1129 999 1229 1063 inter
1249 1017 1375 1081 nempe
1397 1003 1430 1063 et

286 1107 405 1172 omnis
432 1105 591 1171 vocabule
618 1108 767 1188 correpta
788 1104 1002 1189 paenultima,
1031 1127 1228 1190 quamquam
1251 1106 1355 1172 multo
1378 1129 1429 1171 rs-

162 1235 274 1276 cxxvu
288 1215 370 1293 rius,
406 1217 577 1298 usurpata:
614 1211 732 1297 quibus
766 1215 894 1295 praeter
925 1213 1098 1277 veritatem
1131 1213 1318 1278 existimata
1354 1216 1430 1278 sunt

288 1321 407 1385 hercle
442 1341 525 1403 erpo
561 1320 705 1402 quippe,
743 1318 807 1382 alia
840 1318 999 1385 accedere.
1044 1319 1182 1385 Hercle
1214 1319 1332 1404 corripi
1365 1320 1430 1385 iam

288 1427 456 1492 Bentleius
479 1427 513 1491 iu
536 1425 620 1491 Eun.
645 1425 682 1510 V,
702 1425 731 1508 8,
745 1425 788 1489 43
812 1423 907 1490 ‘cras'
931 1426 1038 1510 inquit
1061 1424 1227 1491 ‘credam':
1250 1424 1431 1491 Trinummi

289 1556 317 1599 v.
341 1534 385 1599 52
407 1555 541 1618 pravam
564 1533 871 1618 pronuntiationem,
894 1555 922 1598 v.
941 1533 1005 1599 507
1030 1533 1136 1618 ipsam
1160 1554 1271 1630 vocem
1294 1533 1432 1598 Ambro-

290 1642 400 1706 sianus
424 1640 570 1724 sustulit3
594 1663 622 1706 v.
646 1638 710 1705 559
734 1643 791 1704 auc
812 1639 909 1705 hercle
933 1662 972 1704 ex
993 1640 1177 1725 insequenti
1201 1642 1258 1704 sut
1282 1661 1319 1704 ex
1342 1662 1433 1725 prae·

290 1745 479 1811 cedentibus
497 1745 619 1827 quidem
638 1743 770 1830 irrepsit
779 1743 825 1831 *);
849 1744 950 1809 simili
969 1743 1076 1811 error'e
1096 1745 1345 1811 vitiosissimum
1363 1768 1434 1830 pro-

291 1851 555 1917 celeusmaticum
577 1850 674 1916 hercle
696 1851 748 1915 ille
769 1852 892 1932 quidem
915 1852 1017 1916 em
1043 1850 1255 1940 efficiunt**);
1274 1853 1432 1937 producto

289 1959 387 2025 hercle
418 1960 505 2022 recte
537 1956 682 2042 procedit
714 1979 742 2022 v.
765 1957 807 2023 58
833 1957 886 2042 [cf.
914 1981 945 2042 p.
969 1974 1051 2023 cmv
1078 1955 1198 2044 (399)].
1244 1958 1295 2024 Ad
1327 1963 1435 2025 cetera

291 2066 452 2151 exempla,
485 2086 567 2150 quae
594 2065 629 2129 in
658 2065 818 2148 corruptis
848 2064 994 2129 versibus
1025 2069 1100 2129 sunt
1124 2065 1246 2148 omnia,
1276 2088 1359 2131 nunc
1382 2087 1435 2130 er-

290 2172 426 2259 spaticri
449 2171 583 2257 longum
606 2174 664 2236 est.
682 2207 719 2216 —
737 2168 929 2254 correptum
952 2169 1110 2258 erpo***)
1129 2169 1311 2237 Trinummi
1331 2195 1360 2238 v.
1369 2173 1434 2238 926

292 2279 430 2344 vitiabat
459 2283 535 2342 ante
562 2276 779 2342 certissimam
805 2275 909 2341 Reicii
933 2274 1229 2362 transpositionem.
1274 2277 1434 2365 Transpc-

292 2385 397 2451 nendo
422 2384 521 2450 etiam
543 2383 660 2448 Militis
684 2381 741 2467 IV,
764 2384 794 2466 2,
820 2384 860 2447 17
885 2381 1149 2448 succurrendum:

381 2511 454 2611 Ego
478 2525 632 2591 continuo
656 2526 789 2588 uxdrem
812 2522 896 2589 hanc
919 2525 1047 2591 ducam.
1073 2561 1110 2572 —
1140 2525 1230 2610 Ergo
1254 2527 1336 2592 haine
1360 2527 1436 2611 quid

1091 2631 1220 2697 dubitas
1244 2633 1414 2718 conloqui?

293 2777 411 2842 Persae
435 2775 461 2859 I,
486 2779 513 2856 l,
536 2774 579 2839 26
604 2795 642 2838 ex
665 2771 883 2838 Ambrosiano
908 2774 955 2838 sic
977 2775 1210 2841 restituendus:

382 2933 466 3012 Quid
495 2955 555 3020 ego
583 2933 724 2999 faciam?
756 2919 1051 3000 ddisse-aduorso
1079 2935 1172 3019 qus'si
1200 2934 1330 2999 Titani?
1364 2957 1437 3001 cum

1092 3029 1136 3105 lis
1160 3040 1357 3126 belligerem,

507 3147 634 3226 Quibus
659 3151 710 3212 sat
733 3169 803 3212 esse
826 3148 893 3212 non
917 3147 1055 3232 queam?

294 3293 345 3358 le
368 3314 420 3376 epo
444 3295 552 3357 ortum
574 3311 644 3374 erpo
667 3289 817 3354 eiusdem·
833 3289 961 3355 fabulae
985 3287 1027 3374 H,
1050 3289 1079 3368 2,
1104 3289 1138 3355 3:
1163 3290 1241 3354 item
1264 3287 1362 3354 Poen.
1380 3288 1438 3375 IV,

295 3401 326 3484 2,
350 3401 402 3484 71,
425 3420 521 3483 quem
544 3398 590 3462 sic
614 3397 749 3461 emendo
773 3397 860 3461 viam
884 3399 1087 3462 monstrante
1111 3395 1344 3462 Ambrosiano:

384 3540 502 3606 Facile.
527 3577 568 3586 -—
592 3537 674 3604 Face
698 3557 758 3622 ego
782 3537 813 3602 id
836 3537 931 3603 fdcile
954 3514 1087 3603 noscam
1110 3536 1341 3624 ergo,1itille
1365 3559 1437 3622 pos-

1096 3644 1139 3709 sit
1161 3646 1301 3710 noscere.

297 3791 400 3858 Stichi
424 3789 463 3873 V,
486 3790 522 3872 4,
545 3789 588 3854 45
612 3787 781 3853 delendum
803 3809 871 3872 ape,
895 3792 932 3853 ut
957 3809 973 3852 e
996 3787 1196 3873 praegressis
1220 3785 1357 3852 illatum.
1402 3785 1440 3850 ln

296 3915 615 4056 Utramque
637 3979 766 4036 voculam
789 3980 819 4035 in
837 3979 880 4035 cd.
900 3979 948 4036 alt
973 3980 1032 4050 (ubi
1056 3979 1091 4036 of.
1109 3979 1197 4051 praef.
1216 3996 1243 4049 p.
1263 3980 1361 4048 nxvn)
1386 3995 1440 4033 ser-

296 4074 376 4130 vavit
389 4071 568 4140 Ritschelius‚
587 4069 677 4125 multo
693 4069 788 4124 tamen
807 4069 926 4125 leniores
940 4067 1052 4140 prodire
1069 4085 1200 4124 numeros
1219 4083 1334 4122 monens
1353 4066 1442 4122 altera

297 4163 494 4322 1101&ssth
522 4248 565 4303 ed.
589 4247 639 4302 alt.
667 4249 774 4316 quiden
801 4245 923 4303 servavit
949 4247 1008 4303 abit
1034 4262 1086 4316 pro
1114 4246 1184 4302 abiit
1211 4259 1349 4316 reponens
1377 4260 1440 4300 cnm

297 4340 432 4498 Remedl)
452 4428 517 4502 [‘de
537 4444 592 4496 quo
612 4425 679 4482 olim
698 4427 851 4495 praecepta
869 4423 917 4480 diu
935 4426 979 4480 est
996 4440 1030 4479 ex
1049 4440 1105 4494 quo
1123 4422 1302 4479 retractanda
1320 4439 1380 4480 erae
1399 4421 1442 4478 in·

298 4515 419 4572 telleri’
440 4515 540 4588 Trin.¹]
