3306 5070
316 431 380 495 700
546 446 775 495 aarmmscna
799 433 1012 513 aasentias,
1036 447 1227 513 annessae,
1277 413 1282 428 '

229 569 232 577 i
314 589 480 676 Magnifici
503 589 646 674 creandi,
670 590 752 656 scire
776 612 834 655 vos
857 590 1005 656 volumus
1029 591 1192 656 communi
1215 589 1379 655 sententia
1403 588 1458 654 Se·

313 700 427 761 natum
460 696 759 782 amplissimumque
793 695 975 782 Collegium
1007 697 1233 762 Professorum
1266 696 1459 780 decrevisse,

314 803 362 868 uti
379 803 390 886 ΙΙ
407 802 476 867 Rex
499 807 610 868 noster
623 803 886 889 Angustissimus
906 804 1004 869 Pater
1022 803 1146 888 patriae
1162 800 1461 888 clementissimusll

313 909 503 975 Annnnsvs
521 909 532 993 ΙΙ
550 910 618 995 qui,
650 913 803 996 paternae
836 911 966 976 virtutis
999 911 1092 976 heres
1124 913 1157 975 et
1189 911 1348 994 aemulus,
1385 931 1459 975 cum

314 1016 388 1081 aliis
423 1016 625 1082 documentis
657 1040 853 1102 propensam
887 1019 919 1083 in
953 1016 1166 1083 humanitatis
1199 1018 1459 1102 optimarumque

315 1123 434 1188 artium
458 1123 566 1188 studia
589 1124 790 1188 voluntatem
810 1125 990 1190 luculenter
1007 1123 1242 1209 comprobavit,
1264 1127 1335 1189 tum
1352 1125 1459 1207 ipsam

314 1230 400 1296 hanc
427 1231 610 1296 litterarum
638 1232 883 1297 universitatem
911 1252 1063 1316 praesens
1085 1253 1188 1316 nuper
1211 1231 1388 1316 insigniore
1411 1232 1460 1295 ia·

314 1359 390 1402 vore
414 1338 581 1421 amplexus
604 1341 663 1418 est,
686 1339 836 1422 precibus
858 1340 981 1404 nostris
1001 1337 1295 1405 observantissimis
1315 1337 1460 1402 adiretur

316 1449 412 1528 atque
446 1442 485 1508 ad
503 1443 513 1526 ΙΙ
530 1442 678 1508 Rectoris
706 1443 936 1509 Vniversitatis
971 1444 1286 1530 Magnificentissimi
1308 1444 1318 1527 l
1341 1465 1459 1508 munus

313 1553 506 1634 perpetuum
529 1549 742 1633 illiberaliter
770 1551 804 1615 in
835 1549 952 1615 Sessar
985 1550 1225 1635 suscipiendum
1256 1551 1459 1616 invitaretur.

313 1655 356 1720 Ei
384 1657 487 1741 igitur
517 1654 675 1722 desiderio
705 1679 771 1722 non
803 1657 871 1721 sine
902 1659 1063 1744 singulari
1092 1659 1259 1743 voluptate
1289 1657 1458 1743 accipietis

314 1763 482 1848 dignatum
525 1784 594 1828 esse
637 1761 947 1830 Gannaosrssruvu
994 1765 1192 1848 eundemque
1238 1762 1458 1830 Clarssruvu

312 1869 508 1934 Pamclrnn
531 1869 731 1955 perbenigne
754 1870 974 1935 obsecundare
996 1871 1206 1954 inclitamque
1220 1867 1386 1934 Musarum
1410 1893 1459 1934 se·

309 1977 386 2062 ¹dem
414 1979 560 2041 nostram
587 1976 689 2040 ferme
718 1980 830 2042 exacto
860 1977 1000 2062 quiaque
1029 1976 1231 2042 saeculorum
1254 1997 1350 2040 cursu
1372 1999 1459 2042 novo

314 2083 376 2149 hoc
400 2105 500 2167 eoque
525 2083 691 2166 praeclaro
716 2083 895 2148 ethonore
919 2086 953 2147 et
972 2082 1143 2168 splendore
1163 2104 1281 2169 augere
1300 2083 1459 2148 adornare

313 2190 539 2256 condecorare.

403 2295 497 2372 Quod
515 2294 604 2361 Deus
623 2295 774 2380 Optimus
793 2296 959 2362 Maximus
979 2297 1060 2361 bene
1080 2300 1186 2361 vertat
1203 2297 1214 2380 ΙΙ
1231 2301 1265 2361 et
1286 2297 1365 2362 felix
1387 2297 1459 2361 fau·

315 2407 400 2468 stum
423 2402 690 2486 fortunatumque
714 2424 783 2466 esse
806 2402 926 2466 iubeat.

402 2508 523 2574 Datum
543 2508 674 2592 Lipsiae
694 2509 746 2573 die
760 2507 882 2574 XVIII.
902 2509 1023 2574 mensis
1041 2509 1128 2574 Iunii
1147 2510 1223 2574 anni
1237 2527 1461 2576 nncccnxxv.

870 2973 900 3038 5.

336 3113 778 3180 Gratulationsadresse
806 3116 873 3180 der
899 3115 1052 3180 Bonner
1080 3114 1325 3195 Univerejttit
1353 3136 1436 3179 zum

314 3221 564 3306 300jiahrigen
588 3221 789 3288 Jubiliium
817 3222 882 3286 der
904 3221 1114 3287 Albertina
1136 3221 1176 3287 in
1199 3220 1459 3306 Kbnigeberg.

403 3362 586 3429 Prorectori
613 3363 788 3449 Magnifice
817 3367 850 3430 ct
873 3363 996 3435 Illustri
1020 3362 1152 3428 Senatui
1176 3361 1185 3450 pl
1208 3362 1355 3428 Inclutae
1378 3361 1458 3426 Vni-

313 3469 479 3534 versitatie
508 3470 697 3535 Albertinae
724 3469 734 3556 l
762 3468 793 3536 S.
816 3470 849 3536 P.
873 3469 912 3536 D.
940 3469 949 3556 ,l
976 3470 1096 3537 ilector
1124 3475 1157 3535 et
1185 3468 1322 3535 Senatus
1345 3467 1355 3554 l
1378 3467 1458 3534 Vni·

313 3577 477 3641 versitatis
501 3577 694 3642 Fridericiae
718 3577 913 3643 Guilelmiac
935 3579 1120 3644 Rhenanae.

402 3681 466 3747 Vix
492 3683 587 3749 nobis
617 3683 788 3768 quicquam
816 3685 959 3749 accidere
988 3684 1040 3748 vel
1069 3683 1254 3769 exoptatius
1282 3682 1332 3747 vel
1355 3681 1460 3747 hono-

313 3789 492 3854 rificentius
520 3791 642 3875 potuit,
673 3813 768 3875 quam
794 3791 878 3875 quod
901 3814 962 3856 noe
986 3790 1160 3876 participes
1185 3812 1254 3854 esse
1278 3787 1347 3852 eius
1370 3789 1461 3853 laeti·

315 3896 379 3960 tiae
408 3895 546 3961 Vestrae
579 3897 745 3979 voluistis,
777 3919 875 3980 quam
908 3919 982 3961 rara
1013 3901 1046 3961 et
1077 3897 1208 3961 virtutis
1241 3895 1460 3981 perpetuitate

314 4006 442 4087 partam
474 4006 506 4067 et
538 4003 679 4067 numinis
707 4002 809 4067 divini
838 4003 946 4087 gratia
975 4024 1161 4068 concessam
1191 4025 1229 4068 ex
1259 4002 1360 4068 animi
1388 4024 1459 4067 sen·

313 4110 418 4175 tentia
448 4109 551 4174 Vobis
582 4111 853 4195 congratulamur.
899 4106 984 4174 Nam
1018 4133 1107 4194 cum,
1140 4110 1256 4194 quibus
1288 4109 1457 4174 hominum

314 4217 380 4280 vita
395 4239 467 4282 cum
486 4217 580 4281 laude
594 4220 758 4281 transacta
776 4216 977 4299 honestatur,
1000 4239 1039 4282 ea
1058 4216 1226 4282 sollemnia
1244 4239 1309 4281 non
1329 4217 1458 4301 possint

314 4347 379 4388 non
412 4344 486 4388 oum
518 4322 667 4387 subtristi
700 4322 897 4406 cogitatione
931 4323 1169 4388 imbecillitatis
1201 4321 1457 4408 fragilitatisque

313 4429 474 4494 humanae
506 4431 629 4494 sociata
665 4450 747 4492 esse:
783 4433 818 4493 at
845 4428 940 4513 haec,
972 4450 1053 4513 quae
1083 4429 1148 4492 iam
1178 4430 1211 4490 et
1239 4426 1341 4493 Vobis
1371 4432 1405 4492 et
1439 4453 1458 4492 a

233 4575 236 4584 ι
314 4535 417 4600 Vobis
441 4535 619 4600 saecularia
642 4535 812 4602 sollemnia
829 4541 995 4622 parantur,
1018 4558 1083 4601 non
1105 4535 1327 4600 infirmitatem
1351 4556 1458 4600 rerum
