3332 5074
499 428 761 476 aucuuarrorus
786 429 997 478 rnuvrrnan.
1258 409 1322 473 459

268 571 331 647 Qui
355 569 464 636 omnia
488 592 522 635 se
547 569 703 636 simulant
730 622 1163 639 .........

268 677 420 744 Consulit
442 678 616 744 aduersum
677 728 1164 743 ..........

269 782 385 851 Militis
409 781 547 850 amicam
571 834 1165 851 ............

267 887 471 957 Bacchidem
500 889 658 956 Vtrumne
681 893 760 978 ergo
784 941 1164 958 ........

271 995 389 1064 Omnia
410 995 527 1064 resciui
572 1047 1166 1064 ............

268 1104 436 1192 Chrysalo,
459 1105 531 1190 quis
556 1107 607 1170 c‘at
629 1105 720 1190 him)
785 1153 1168 1172 ........
1240 1095 1242 1100 ’

179 1251 276 1334 longe
306 1248 416 1314 eadem
446 1246 669 1333 frequentiora
695 1271 754 1314 nec
781 1270 800 1311 a
829 1249 943 1313 ceteris
973 1270 1085 1313 versus
1115 1247 1245 1314 sedibus
1274 1269 1326 1312 ex-

180 1359 271 1422 clusa
289 1355 322 1420 in
342 1353 558 1438 anapaesticis
577 1355 784 1420 carminibus.
827 1355 865 1420 In
885 1353 1032 1420 iambicis
1052 1355 1137 1420 enim
1156 1355 1208 1420 vel
1228 1354 1327 1420 etiam

114 1534 119 1544 ‚
170 1461 356 1532 ,trochaicis
385 1459 439 1548 (dc
467 1461 585 1547 quibus
613 1461 701 1526 infra
729 1460 867 1548 dicetur)
892 1463 948 1547 qui
972 1461 1074 1527 cuivis
1097 1462 1169 1527 loco
1193 1461 1327 1545 dactyli-

182 1593 254 1637 cum
278 1573 445 1635 accentum
467 1567 560 1632 illum
584 1568 757 1634 concedere
780 1570 924 1635 animum
948 1567 1087 1652 inducat,
1110 1569 1192 1634 nihil
1212 1591 1275 1655 quo
1294 1569 1327 1634 ic

181 1677 298 1762 probet
324 1677 454 1760 praeter
484 1674 585 1740 solius
612 1677 711 1741 nescio
738 1676 862 1741 formae
890 1677 1037 1762 exempla
1066 1675 1149 1741 talia
1178 1675 1327 1741 babebit:

271 1817 318 1882 Vt
342 1817 442 1883 uerba
464 1815 544 1882 mihi
567 1817 815 1902 dat,1itncscic
839 1841 937 1905 quarn
961 1821 1029 1884 rem
1053 1803 1158 1905 ¹gerat:

270 1923 377 1989 Multa
399 1923 495 1989 simul
518 1925 624 2010 rogas,
646 1927 745 1990 nescio
768 1926 844 2010 quid
868 1925 1034 2010 e‘xpediam
1057 1923 1273 2010 potissumum

182 2092 199 2134 e
219 2066 335 2134 Bacch.
351 2067 417 2132 756
437 2065 541 2151 [795]
560 2063 649 2130 Trin.
665 2067 743 2132 880:
766 2065 799 2131 in
823 2067 974 2151 qualibus
993 2072 1159 2152 praestare
1178 2053 1328 2151 spondia-

182 2199 254 2241 cam
273 2196 457 2240 mensuram
476 2171 615 2256 synizeei
641 2173 789 2238 effectam
808 2196 906 2258 supra
925 2174 1143 2239 demonstravi
1162 2197 1190 2258 p.
1207 2191 1327 2238 cuxvu

130 2285 137 2294 “
183 2283 287 2368 [410].
302 2317 344 2328 -
359 2279 530 2346 Sciendum
549 2283 599 2344 cst
617 2283 726 2345 autem
746 2279 884 2344 similem
903 2279 1073 2366 dactylicis
1093 2279 1328 2367 pronuntiatio-

182 2413 257 2457 nem
281 2387 525 2455 tribrachica
548 2385 677 2472 quidem
705 2387 863 2453 vocabula
892 2387 941 2452 vel
970 2389 1004 2452 in
1032 2387 1234 2454 tribrachum
1258 2409 1328 2453 exe·
1343 2407 1447 2449 ccxxv

182 2497 275 2562 untia
297 2497 346 2561 ita
367 2516 547 2578 recusasse,
574 2497 610 2558 ut
637 2516 813 2578 numquam
840 2495 926 2560 hunc
950 2500 1117 2562 accentum
1139 2523 1221 2564 ccc
1243 2517 1328 2560 rece·

183 2603 299 2688 perint,
317 2602 374 2668 sed
392 2605 449 2668 aut
466 2601 648 2686 legitimum
666 2627 715 2668 cc
727 2641 746 2670 c
769 2606 834 2686 aut,
853 2607 890 2666 ut
905 2623 980 2668 mcx
994 2603 1211 2687 intellegetur,
1230 2601 1329 2667 certis

182 2709 422 2777 condicionibus
445 2709 685 2775 inusitatiorem
708 2709 793 2774 huuc
816 2751 834 2777 o
847 2737 910 2778 oc.

272 2816 393 2882 Affinis
417 2817 502 2880 enim
526 2815 759 2901 dactylicarum
777 2815 853 2881 huic
870 2816 1033 2883 notationi
1057 2863 1089 2872 -
1104 2844 1154 2884 co
1175 2815 1256 2881 haec
1280 2818 1330 2879 est

185 2953 248 2994 -c
279 2924 330 2989 vel
362 2921 442 3010 (quo
474 2922 585 3009 paullo
618 2923 723 3009 magis
757 2928 907 2988 accentus
940 2922 1116 2988 insolentia
1152 2919 1329 3006 delitescit)

185 3035 292 3100 soluta
319 3030 521 3116 paenultima
542 3054 643 3098 coc:
677 3053 774 3115 quam
804 3053 863 3096 sua
892 3033 1008 3114 sponte
1034 3029 1236 3114 intellegitur
1264 3049 1329 3093 uon

185 3161 280 3225 posse
308 3161 373 3205 non
402 3138 563 3222 syllabam
591 3137 723 3203 brevem
752 3137 853 3223 sequi.
899 3135 962 3202 Sed
989 3136 1051 3201 hcc
1073 3158 1138 3201 non
1163 3135 1242 3200 eatis
1266 3139 1329 3200 est:

187 3249 274 3310 certa
306 3245 393 3309 enim
424 3245 650 3329 plerumque
683 3242 830 3309 condicio
862 3244 942 3308 haec
975 3243 1112 3328 accedit,
1149 3246 1186 3307 ut
1217 3242 1329 3306 binae

186 3353 300 3417 breves
318 3354 505 3436 sequantur,
528 3352 578 3416 vel
597 3355 634 3416 ut
653 3351 723 3415 aliis
743 3349 850 3417 verbis
870 3351 984 3435 dicam,
1007 3353 1044 3415 ut
1063 3355 1196 3416 accentu
1214 3353 1330 3414 notata
1384 3372 1385 3375 ¹

187 3458 314 3541 syllaba
336 3479 409 3523 cum
431 3457 588 3542 proximis
611 3479 678 3523 non
701 3459 927 3543 anapaestum,
955 3458 1011 3522 sed
1038 3457 1240 3523 tribrachum
1264 3456 1330 3521 effi-

187 3566 260 3631 ciat.
306 3564 357 3630 Ea
379 3563 481 3648 igitur
509 3564 732 3649 pronuntiatio
760 3565 926 3648 propriam
954 3563 1018 3629 sibi
1042 3563 1150 3630 sedem
1172 3564 1273 3630 habet
1296 3566 1330 3628 in

188 3671 499 3757 septenariorum
523 3670 663 3738 secundo
687 3671 739 3736 vel
761 3670 859 3736 tertio
883 3671 973 3755 pede,
995 3676 1032 3736 ut
1055 3670 1329 3736 Trinitatis.

188 3779 261 3845 873.
285 3777 352 3843 Mil.
376 3777 417 3862 ll,
441 3779 471 3862 2,
495 3779 546 3844 38.
569 3778 687 3844 Bacch.
712 3779 754 3842 '12
778 3778 882 3861 [1031.
905 3777 993 3843 Trin.
1017 3780 1090 3844 624.
1114 3779 1188 3843 629.
1212 3779 1290 3844 889:

277 3921 352 3987 Sine
374 3921 449 4006 dotc',
472 3943 575 4007 neque
598 3925 634 3986 tu
657 3919 732 3986 hr'nc
756 3920 914 3986 abituru’s
960 3969 1286 3987 .......

276 4025 332 4093 Sin
355 4027 447 4092 alite'r
469 4027 631 4093 animatus
655 4049 699 4111 es,
722 4027 803 4092 bene
850 4073 1287 4092 .........

276 4114 339 4206 ibi
362 4133 476 4198 habitet
498 4138 531 4198 et
553 4133 633 4197 item
657 4134 797 4198 alterurn
821 4134 861 4199 ad
884 4134 989 4199 istanc
1013 4181 1286 4198 ......

277 4238 309 4305 N
311 4241 364 4305 dm
386 4240 498 4304 miclie'r
519 4240 654 4304 holitori
677 4261 852 4326 numquam
907 4287 1287 4306 ........

277 4449 395 4519 *ssiam
417 4449 550 4519 Quidem
572 4448 601 4502 in
625 4446 729 4503 talibus
753 4450 786 4504 nt
808 4450 883 4504 Trin.
908 4456 973 4506 593:
1002 4449 1142 4520 Siquidm
1164 4467 1229 4520 aper
1253 4451 1332 4506 nobie

188 4540 280 4595 saluca
299 4544 344 4606 eat,
363 4541 481 4609 apparet
499 4555 550 4608 pro
568 4537 676 4593 duabus
695 4537 810 4593 vocibus
828 4537 919 4609 accipi
937 4539 1069 4608 potuisse.
