3302 5076
323 397 388 460 644
697 411 933 460 rnrmursous
958 411 1084 459 annau.

323 559 423 622 tatem
451 556 517 620 ullo
546 554 641 621 modo
665 554 835 620 exhaurire
853 540 1004 619 animum
1027 553 1220 640 induxerim,
1252 558 1290 620 ut
1312 559 1345 621 et
1368 578 1463 620 unam

323 667 450 728 tantum
478 667 604 747 partem
632 662 816 747 provinciae
845 661 1080 747 dignitatisque
1109 661 1327 745 amplissimae
1350 664 1465 749 tetige-

323 770 394 854 rim,
416 771 574 855 neglectis
597 771 637 835 iis
657 770 815 851 omnibus,
838 791 921 855 quae
945 791 964 833 a
988 791 1059 834 meo
1084 772 1182 852 captu
1207 769 1366 836 alieniora
1389 793 1462 836 oum

324 876 364 941 ad
396 875 565 960 religionis
598 876 719 940 cultum
752 875 968 961 ecclesiaeque
1000 877 1143 942 rationes
1180 880 1250 942 tum
1284 877 1325 942 ad
1357 899 1463 943 rerum

288 982 520 1048 xmedicarum
549 983 861 1048 administrationem
890 987 1051 1066 spectant:
1084 987 1117 1049 et
1144 984 1196 1072 uel
1225 983 1264 1048 de
1291 985 1350 1050 illa
1372 991 1464 1069 parte

323 1095 389 1155 tam
420 1089 605 1154 summatim
634 1089 784 1173 dixerim,
817 1092 853 1154 ut
882 1111 947 1154 non
979 1111 1035 1154 vos
1066 1089 1198 1155 edocere
1228 1092 1337 1174 potius
1367 1114 1461 1175 quam

323 1197 416 1282 quasi
440 1196 598 1262 scintillas
623 1197 778 1281 quasdam
803 1195 836 1259 in
859 1196 977 1260 vestris
1001 1196 1117 1261 animis
1141 1198 1281 1262 excitare
1300 1199 1466 1281 voluerim,

323 1327 403 1389 quas
422 1306 531 1368 vestra
554 1325 631 1368 cura
648 1303 801 1368 foveretis
821 1305 993 1386 vestroque
1012 1302 1043 1366 iu
1064 1303 1137 1367 sinu
1156 1303 1239 1368 altae
1260 1304 1465 1370 exardescere

323 1411 358 1476 in
387 1412 523 1476 clariora
551 1409 675 1474 lumina
702 1407 904 1492 pateremini.
950 1406 1150 1474 Confidimns
1180 1414 1290 1474 tamen
1313 1410 1395 1494 fore,
1428 1415 1465 1475 ut

324 1540 435 1584 eorum
463 1517 593 1602 aliquis,
621 1517 737 1602 quibus
765 1516 895 1581 haurire
924 1537 962 1580 ex
985 1517 1190 1582 uberioribus
1214 1517 1361 1582 fontibus
1385 1519 1416 1583 h.
1440 1541 1466 1583 e.

324 1647 362 1689 ex
390 1627 468 1690 oetas
494 1625 583 1708 licet,
616 1623 819 1689 admirabilis
842 1621 913 1688 Viri
942 1624 1118 1689 memoriae
1142 1623 1286 1688 debitum
1309 1624 1466 1690 honorem

302 1732 487 1816 ,persolvat
509 1731 666 1816 llliusque
689 1731 865 1816 imaginem
890 1731 1061 1796 adumbret
1082 1732 1220 1816 plenam,
1244 1731 1411 1815 sinceram,
1434 1737 1467 1796 et

323 1840 371 1904 ita
400 1839 441 1904 ad
469 1839 578 1905 vivum
607 1859 805 1923 expressam,
828 1841 866 1901 ut
894 1837 1031 1904 stiram
1055 1843 1088 1903 et
1111 1837 1253 1904 studium
1276 1840 1388 1922 procul
1411 1840 1466 1904 he-

323 1945 412 2010 beat:
444 1965 548 2030 neque
575 1945 661 2010 enim
685 1944 735 2010 vel
764 1944 826 2009 boo
849 1943 974 2029 indiget
997 1943 1048 2008 vel
1071 1943 1165 2009 illam
1188 1966 1264 2009 vera
1287 1945 1391 2010 virtus
1415 1951 1465 2011 est

324 2075 379 2119 our
407 2054 603 2118 extimescat
649 2049 742 2128 Quod
771 2049 881 2133 quiin
905 2071 939 2114 se
963 2050 1154 2134 susceperit,
1186 2051 1328 2117 dubitari
1351 2053 1465 2136 nequit

324 2160 403 2244 quin
425 2159 637 2245 plurimorum
661 2157 820 2224 desiderio
844 2155 1015 2241 insigniter
1038 2157 1081 2220 sit
1104 2156 1341 2224 satisfacturus.

789 2371 1001 2380 -.—-————

882 2513 912 2579 4.

347 2659 483 2725 Oratio
514 2657 558 2721 de
591 2655 884 2740 comparatione
915 2656 1018 2719 inter
1045 2651 1266 2720 Friderioos
1295 2655 1444 2723 Guilel-

347 2787 425 2831 mos
449 2763 499 2830 Ill
522 2768 559 2828 et
581 2762 629 2828 IV
652 2761 894 2828 instituenda
916 2760 1052 2825 habita
1074 2759 1135 2825 die
1154 2759 1202 2825 ΙΙΙ
1221 2784 1262 2827 m.
1277 2763 1444 2848 Augusti

800 2893 828 2934 a.
855 2864 990 2952 1842.*)

272 3035 310 3075 111
412 3013 522 3082 Rediit
544 3014 600 3078 ille
618 3013 696 3096 dies,
720 3011 882 3077 auditores
901 3032 960 3076 suo
980 3011 1116 3095 quisque
1136 3012 1206 3076 loco
1226 3013 1466 3098 spectatissimi,

325 3143 421 3208 quem
457 3144 530 3187 cum
568 3121 648 3186 olim
684 3119 892 3185 habuerimus
929 3119 1109 3184 communis
1141 3119 1284 3185 laetitiae
1316 3120 1466 3205 iudicem,

323 3229 414 3293 brevi
437 3250 474 3293 ex
497 3231 644 3313 tempore
668 3247 857 3292 conversum
885 3226 919 3289 in
942 3225 1046 3290 tristis
1069 3225 1220 3291 desiderii
1242 3227 1379 3312 piaeque
1402 3251 1467 3293 me·

324 3335 446 3432 moriae
468 3338 588 3400 testem
612 3335 766 3401 dolemus.
798 3333 843 3398 Et
866 3354 978 3398 sensus
1002 3332 1132 3417 quidem
1156 3332 1209 3398 hie
1232 3334 1375 3399 omnium
1399 3335 1466 3399 ani-

325 3443 387 3506 mis
414 3441 532 3508 infixus
555 3463 622 3507 non
645 3445 717 3506 erat
739 3439 884 3524 prolecto
909 3439 1082 3504 verendum
1104 3461 1147 3504 ne
1169 3461 1322 3524 umquam
1347 3441 1465 3505 exstin-

413 3637 439 3706 *)
464 3635 507 3708 [ln
531 3633 674 3706 publicum
697 3633 753 3688 iam
777 3631 882 3702 prodiit
904 3632 975 3685 haec
998 3631 1087 3686 oratio
1110 3631 1248 3700 prooemii
1270 3632 1359 3688 instar
1382 3633 1467 3689 indici

325 3724 484 3780 scholarum
503 3721 691 3777 Bonnensinm
711 3721 889 3774 hibernarum
909 3735 934 3775 a.
946 3732 1187 3776 olorocoexxxxn
1201 3722 1230 3775 et
1243 3735 1369 3775 xxxxm
1387 3739 1467 3792 prac-

325 3813 381 3868 fixa
397 3812 442 3867 bis
461 3811 575 3882 quidem
592 3808 753 3882 praemissis
768 3808 872 3864 verbis:
894 3805 1101 3862 ‘Prooemiandi
1114 3825 1177 3863 cum
1190 3809 1343 3864 necessitas
1358 3812 1466 3880 urgeat,

325 3903 399 3959 desit
417 3902 515 3971 otium,
532 3903 645 3971 praeter
663 3897 891 3955 consuetudinem
909 3900 1034 3952 nostrum
1049 3914 1134 3953 none
1149 3900 1343 3954 communibus
1363 3899 1465 3954 litteris

325 3993 414 4064 petito
434 3989 572 4047 scribendi
591 3989 755 4059 argumento
774 3987 804 4042 iu
822 3985 973 4042 recolenda
986 3987 1122 4041 memoria
1140 3987 1235 4042 Ruers
1249 3989 1466 4042 Avnvsmssmn

325 4083 397 4138 Drvr
415 4081 572 4136 Fatuusmr
592 4061 746 4134 va'uusu
765 4077 805 4130 Ill
828 4075 934 4132 versari
959 4075 1048 4130 visum
1072 4077 1123 4132 est.
1160 4077 1288 4147 Accipite
1306 4075 1401 4146 igitur,
1420 4091 1467 4130 os-

325 4170 429 4228 rissimi
447 4169 661 4238 commilitones,
680 4168 786 4223 chartis
805 4165 977 4236 consignata,
996 4182 1068 4234 quae
1087 4166 1117 4219 in
1131 4164 1210 4220 illius
1228 4165 1342 4220 mudena
1360 4163 1467 4235 simpli·

326 4263 396 4318 citer
414 4261 444 4315 et
461 4259 648 4330 populariter,
677 4274 733 4313 non
753 4254 928 4311 ambitiosius
947 4253 1081 4325 quaesitis
1100 4253 1234 4310 orationis
1253 4253 1418 4322 luminibus,
1441 4269 1467 4308 a.

326 4350 352 4405 d.
372 4349 411 4403 ΙΙΙ
429 4347 500 4405 Non.
519 4349 590 4418 Aug.
611 4363 704 4402 coram
723 4344 802 4400 vobis
821 4343 953 4398 diximus:
976 4341 1125 4398 intuemini
1147 4341 1402 4414 praeclarissimum
1421 4357 1467 4396 ex-

327 4437 463 4507 emplum,
491 4435 672 4492 aemulamini
698 4435 843 4504 (quantum
870 4433 982 4502 qmdem
1009 4431 1166 4502 principem
1193 4429 1330 4487 aemulari
1358 4428 1467 4485 civibus

328 4527 511 4593 concessum),
530 4523 695 4592 virtutisque
714 4521 793 4575 illinc
811 4520 1022 4576 incitamentum
1042 4518 1140 4588 petite.
1177 4519 1297 4575 Valete.'
1336 4517 1431 4590 C.W.]
