3338 5072
520 399 808 478 ¹rsrrnuusmorus
832 429 1040 477 susurrum.
1299 411 1360 476 341

180 653 183 660 ¹
220 571 420 657 optimorum
445 573 601 637 librorum
624 573 813 638 testimonia
835 569 1040 637 Curculionis
1062 569 1088 652 Ι,
1115 573 1141 653 1,
1164 551 1206 635 42'

378 713 421 779 Si
443 713 549 779 media
572 737 638 779 nox
662 720 712 779 est
734 715 850 779 siccet
872 713 979 800 prima
1001 735 1152 796 uespera:

221 857 417 942 optimorum
441 878 513 922 cum
535 856 754 923 Ambrosiano
779 855 882 922 Stichi
905 854 965 940 lll,
991 858 1019 940 1,
1045 857 1099 920 18:

378 998 453 1083 Ere,
475 1000 508 1064 si
531 1019 592 1084 ego
616 1003 741 1065 taceam
764 1001 845 1064 siue
867 999 989 1084 loquar,
1014 998 1081 1063 scio
1106 997 1187 1114 scire
1210 1001 1252 1084 tc,

218 1140 283 1204 nisi
307 1139 393 1224 quod
416 1163 475 1224 pro
497 1142 563 1206 sius
584 1145 732 1226 praestat
752 1161 807 1207 seu
830 1141 972 1206 scribere
994 1162 1068 1204 cum
1086 1139 1254 1206 Palatinis.
1288 1140 1362 1217 Qui·

218 1247 279 1311 bus
309 1245 437 1331 quidem
465 1248 621 1331 exemplis
649 1248 715 1312 iam
743 1247 943 1332 praesidium
971 1251 1121 1331 paratum
1145 1250 1196 1312 est
1219 1245 1361 1310 eiusdem

219 1352 295 1418 libri
328 1353 362 1416 in
390 1352 575 1418 Trinummi
609 1376 703 1419 versu
729 1354 790 1420 183
823 1355 998 1420 memoriae
1031 1371 1063 1418 sl
1088 1389 1126 1400 -
1153 1371 1232 1437 sno,
1265 1374 1360 1438 quam

218 1482 291 1524 cum
314 1459 491 1525 tribuerem
513 1460 640 1525 librarii
663 1461 815 1543 incuriae,
837 1461 1002 1526 immerito
1025 1460 1163 1544 neglexi.
1205 1457 1361 1543 Suscepto

218 1572 327 1632 autem
349 1569 380 1633 si
401 1590 461 1652 pro
484 1569 550 1633 siue
573 1588 645 1632 cum
669 1568 702 1634 in
726 1567 783 1633 illo
808 1590 915 1652 versu,
943 1568 1072 1654 qualem
1095 1566 1361 1633 conformandum

215 1675 304 1759 duxi,
336 1696 402 1738 una
437 1673 565 1758 syllaba
596 1675 810 1759 desideretur,
843 1675 954 1740 durior
986 1677 1096 1740 autem
1127 1696 1186 1759 pro
1210 1673 1361 1739 Plautina

215 1781 425 1866 simplicitate
447 1780 528 1845 haec
552 1780 595 1844 sit
614 1781 787 1846 verborum
810 1781 983 1847 collocatio
1006 1781 1095 1846 Haec
1116 1781 1144 1845 si
1166 1785 1254 1846 sunt
1274 1785 1360 1858 recte,
1374 1801 1498 1842 cxxxvr

214 1910 267 1954 scu
285 1909 433 1971 pcrstcrse
453 1889 558 1970 factu
580 1892 683 1954 sunt:
706 1911 772 1953 non
796 1888 901 1974 magis
926 1893 1032 1952 autem
1057 1887 1240 1952 tolerabilis
1265 1909 1360 1952 enun-

135 2016 139 2024 ·
215 1997 390 2062 tiationum
418 1996 508 2062 nullo
539 1995 852 2061 vinculo.nexarum
880 1995 1004 2078 hiatus,
1038 1995 1065 2058 si
1089 1999 1232 2076 servato,
1265 2015 1360 2078 quem

214 2103 290 2168 libri
313 2101 494 2188 prodidere,
516 2103 688 2168 verborum
711 2101 800 2168 Haec
821 2107 896 2168 sum
917 2103 946 2168 si
959 2099 1042 2185 (scu)
1064 2107 1140 2166 recte
1163 2100 1275 2166 ordine
1298 2099 1359 2166 hos

214 2296 308 2350 locum
326 2295 439 2352 habent.
467 2295 522 2350 Sed
540 2295 666 2350 eiusdem
684 2311 802 2350 scaenae
821 2313 846 2349 v.
858 2299 892 2349 35
912 2294 1106 2350 oblitteratum
1124 2294 1209 2364 vulgo
1229 2293 1360 2362 loquendi

214 2401 302 2454 genus
321 2401 355 2439 ex
373 2385 454 2439 ABG
470 2385 512 2439 sic
529 2401 707 2439 revocamus:

376 2491 405 2546 Si
424 2493 523 2547 ctnum
544 2493 593 2546 sesi
612 2491 684 2546 istuc
702 2489 847 2546 rutilumst
865 2489 925 2546 siue
943 2491 1077 2560 atmimst,
1095 2507 1171 2546 amo:

216 2597 263 2653 ubi
282 2600 422 2654 rutilumst
445 2615 496 2668 pro
515 2599 630 2653 rutilum
648 2597 675 2652 A
694 2597 830 2667 servavit,
858 2599 1017 2667 correptum
1036 2602 1129 2654 autem
1149 2601 1214 2653 ante
1232 2598 1359 2652 vocalem

213 2704 261 2742 scu
278 2687 373 2742 nescio
391 2705 426 2742 an
445 2705 501 2742 non
520 2687 558 2742 sit
575 2687 792 2742 sollicitandum.
826 2685 939 2755 Alioqui
958 2685 1062 2741 licebat
1079 2688 1105 2740 ri
1122 2687 1289 2742 substituere
1309 2687 1361 2758 [sei

214 2776 243 2830 in
262 2777 305 2831 ed.
324 2777 383 2844 alt,
402 2777 437 2832 cl.
457 2777 558 2846 Opusc.
578 2777 645 2847 phil.
666 2775 692 2830 11
710 2795 737 2846 p.
752 2777 831 2847 631]:
851 2793 919 2843 quas
937 2773 1011 2830 enim
1030 2774 1083 2830 hoc
1102 2792 1189 2845 genus
1208 2775 1359 2830 vadentes

214 2865 348 2921 admittat
367 2865 413 2938 [cl.
434 2885 461 2937 p.
480 2880 591 2932 cxx1113
611 2865 689 2920 Cure.
704 2865 725 2934 Ι,
746 2871 769 2934 1,
789 2864 828 2936 5],
847 2866 947 2920 docere
966 2863 1178 2933 Amphitruonis
1197 2880 1292 2918 versus
1312 2863 1358 2932 lV,

215 2961 244 3024 3,
266 2959 348 3024 lbsq.
368 2957 499 3024 possunt,
518 2954 557 3010 sic
577 2953 631 3008 nisi
649 2952 733 3008 fallor
750 2953 928 3009 restituendi:

321 3062 402 3116 Siue
420 3060 560 3128 ancillam,
579 3063 651 3115 stuc
670 3077 794 3128 seruom,
812 3061 842 3114 ss'
860 3061 983 3128 dxeram,
1001 3060 1032 3113 si
1049 3059 1216 3126 additarum,

321 3152 360 3206 Si
377 3153 500 3221 patrem,
518 3152 549 3204 si
566 3153 650 3204 auem
668 3149 779 3216 uidebo,
801 3167 863 3203 eum
884 3149 1056 3205 obtruncabo
1074 3147 1102 3202 in
1122 3149 1251 3204 additum

214 3259 262 3315 ubi
280 3261 307 3326 sc
325 3260 480 3314 adultam
503 3257 563 3328 ipsc
581 3258 609 3312 B
627 3261 713 3314 tanet.
750 3259 821 3313 Vtor
838 3257 893 3312 bac
912 3256 1067 3324 occasione,
1087 3259 1119 3311 ut
1136 3257 1223 3311 etiam
1241 3256 1276 3311 de
1293 3274 1357 3326 pro·

214 3347 272 3419 logi
295 3346 421 3403 versibus
444 3347 501 3402 illis
520 3353 554 3402 69
565 3364 625 3416 sqq.
643 3345 766 3402 breviter
784 3361 875 3402 meam
895 3345 1064 3400 sententiam
1082 3345 1246 3416 significem.
1284 3346 1357 3412 Quo·

214 3455 275 3492 rum
295 3435 530 3492 constructionem
554 3436 595 3490 sic
617 3435 691 3490 inter
714 3452 744 3490 se
763 3434 903 3490 distinctis
921 3433 1129 3489 enuntiatorum
1147 3435 1279 3490 membris
1297 3435 1357 3506 pla·

214 3543 279 3580 nam
298 3525 428 3580 iacimus:

375 3632 448 3686 Nam
466 3635 490 3686 sl
509 3631 565 3699 qui
576 3631 725 3687 ambissint
741 3631 864 3701 palmam
882 3628 930 3685 bic
948 3628 1144 3684 histrionibus:
1167 3663 1197 3670 -

375 3722 412 3775 Si
430 3723 582 3789 quoiquam
601 3721 702 3776 artifici
721 3722 771 3776 seii
789 3737 839 3790 per
857 3718 976 3789 scriptas
995 3719 1104 3772 litteras

374 3809 430 3864 Seu
448 3810 496 3877 qui
515 3812 573 3880 lpse
592 3809 720 3865 ambissit
738 3811 788 3864 seri
805 3825 856 3879 per
873 3806 1091 3862 internuntium:

375 3899 455 3953 Siue
473 3899 543 3954 adeo
563 3898 668 3954 aediles
687 3897 835 3969 perfidiose
854 3899 920 3964 quot
938 3895 1032 3950 duint:
1052 3925 1085 3936 -

374 3985 516 4055 sirempse
535 3987 627 4056 legem
646 3986 727 4041 iiissit
746 4003 805 4041 esse
823 3985 957 4056 Iuppiter.

214 4095 268 4166 [Er
295 4093 470 4149 'Addcndis
497 4111 524 4162 p.
543 4105 737 4160 cccxxrvsq.:
770 4092 813 4161 ‘p.
833 4105 1001 4158 mstq
1030 4089 1123 4144 nescio
1143 4090 1283 4158 quomodo
1302 4107 1358 4144 mc:

213 4184 332 4241 moriam
355 4199 447 4237 meam
470 4180 545 4252 fugit
567 4179 678 4235 Bentlei
700 4181 729 4235 in
748 4179 833 4234 Andr.
852 4179 877 4250 I,
897 4185 927 4248 8,
948 4185 980 4233 11
1001 4178 1160 4248 annotatio,
1187 4195 1244 4246 qua
1262 4179 1357 4248 exqui-

216 4273 342 4329 sitiorem
360 4271 440 4327 illum
459 4271 580 4326 σι’-εἰμι
597 4268 798 4339 particularum
812 4286 893 4323 nsum
907 4265 1015 4337 pridem
1030 4265 1184 4320 rectissime
1198 4267 1357 4336 explicavit.

214 4362 276 4417 Nisi
300 4361 373 4430 quod
397 4359 512 4429 reliquis
530 4357 665 4429 exemplis
683 4373 830 4427 perperam
849 4355 982 4412 Pseuduli
1001 4357 1025 4420 Ι,
1044 4359 1074 4420 b,
1094 4361 1145 4408 129
1166 4369 1274 4408 versum
1292 4355 1358 4410 mis·

214 4451 280 4518 cuit,
299 4448 347 4504 ubi
365 4449 391 4504 ss'
408 4448 439 4502 in
455 4449 482 4503 ss*
498 4463 592 4503 sumas
609 4446 743 4515 compacti
761 4445 875 4499 minime
893 4446 988 4514 potest
1005 4460 1056 4514 pro
1069 4445 1129 4497 siue
1142 4443 1252 4513 accipi!
1277 4443 1357 4500 Adde

214 4537 387 4608 Madvigium
407 4537 443 4592 ad
463 4537 519 4594 Cic.
538 4536 573 4590 de
592 4537 637 4590 lin.
657 4537 678 4605 Ι,
697 4542 722 4604 6,
741 4533 797 4607 20.]
