<?xml version="1.0" encoding="UTF-8"?>
<!DOCTYPE html PUBLIC "-//W3C//DTD XHTML 1.0 Transitional//EN"
    "http://www.w3.org/TR/xhtml1/DTD/xhtml1-transitional.dtd">
<html xmlns="http://www.w3.org/1999/xhtml" xml:lang="en" lang="en">
 <head>
  <title>
</title>
<meta http-equiv="Content-Type" content="text/html;charset=utf-8" />
  <meta name='ocr-system' content='tesseract 3.04.00' />
  <meta name='ocr-capabilities' content='ocr_page ocr_carea ocr_par ocr_line ocrx_word'/>
</head>
<body>
  <div class='ocr_page' id='page_1' title='image "./fridericiritsch07wachgoog_0335.png"; bbox 0 0 3338 5072; ppageno 0'>
   <div class='ocr_carea' id='block_1_1' title="bbox 308 404 1160 472">
    <p class='ocr_par' dir='ltr' id='par_1_1' title="bbox 308 404 1160 472">
     <span class='ocr_line' id='line_1_1' title="bbox 308 404 1160 472; baseline 0.005 -4"><span class='ocrx_word' id='word_1_1' title='bbox 308 404 372 470; x_wconf 88' lang='lat'><strong>318</strong></span> <span class='ocrx_word' id='word_1_2' title='bbox 596 421 856 470; x_wconf 75' lang='lat' dir='ltr'><strong>nnonaoounns</strong></span> <span class='ocrx_word' id='word_1_3' title='bbox 880 422 927 469; x_wconf 83' lang='lat' dir='ltr'><strong>nn</strong></span> <span class='ocrx_word' id='word_1_4' title='bbox 952 421 1160 472; x_wconf 74' lang='lat' dir='ltr'><strong>alrroumvs</strong></span> 
     </span>
    </p>
   </div>
   <div class='ocr_carea' id='block_1_2' title="bbox 215 565 1458 2152">
    <p class='ocr_par' dir='ltr' id='par_1_2' title="bbox 215 565 1458 2152">
     <span class='ocr_line' id='line_1_2' title="bbox 309 565 1458 650; baseline 0.001 -21"><span class='ocrx_word' id='word_1_5' title='bbox 309 569 452 631; x_wconf 85' lang='lat' dir='ltr'><strong>vetorum</strong></span> <span class='ocrx_word' id='word_1_6' title='bbox 475 569 645 649; x_wconf 86' lang='lat' dir='ltr'><strong>poetarum</strong></span> <span class='ocrx_word' id='word_1_7' title='bbox 669 566 843 631; x_wconf 91' lang='lat' dir='ltr'><strong>latinorum</strong></span> <span class='ocrx_word' id='word_1_8' title='bbox 867 567 1063 632; x_wconf 70' lang='lat' dir='ltr'><strong>tractatione</strong></span> <span class='ocrx_word' id='word_1_9' title='bbox 1086 568 1281 650; x_wconf 75' lang='lat' dir='ltr'>continetur,</span> <span class='ocrx_word' id='word_1_10' title='bbox 1309 565 1393 630; x_wconf 86' lang='lat' dir='ltr'><strong>ratio</strong></span> <span class='ocrx_word' id='word_1_11' title='bbox 1425 570 1458 630; x_wconf 88' lang='lat' dir='ltr'><strong>et</strong></span> 
     </span>
     <span class='ocr_line' id='line_1_3' title="bbox 215 673 1457 758; baseline -0.001 -20"><span class='ocrx_word' id='word_1_12' title='bbox 215 688 297 729; x_wconf 63' lang='grc' dir='ltr'><strong>ΜΠ</strong></span> <span class='ocrx_word' id='word_1_13' title='bbox 311 673 466 756; x_wconf 88' lang='lat' dir='ltr'><strong>condicio,</strong></span> <span class='ocrx_word' id='word_1_14' title='bbox 489 677 535 755; x_wconf 87' lang='lat' dir='ltr'><strong>ut,</strong></span> <span class='ocrx_word' id='word_1_15' title='bbox 560 673 616 756; x_wconf 95' lang='lat' dir='ltr'><strong>qui</strong></span> <span class='ocrx_word' id='word_1_16' title='bbox 640 695 753 757; x_wconf 86' lang='lat' dir='ltr'><strong>sapere</strong></span> <span class='ocrx_word' id='word_1_17' title='bbox 777 676 834 738; x_wconf 91' lang='lat' dir='ltr'><strong>aut</strong></span> <span class='ocrx_word' id='word_1_18' title='bbox 856 674 942 738; x_wconf 91' lang='lat' dir='ltr'><strong>nolit</strong></span> <span class='ocrx_word' id='word_1_19' title='bbox 965 677 1023 738; x_wconf 93' lang='lat' dir='ltr'><strong>aut</strong></span> <span class='ocrx_word' id='word_1_20' title='bbox 1045 678 1180 738; x_wconf 87' lang='lat' dir='ltr'><strong>naturae</strong></span> <span class='ocrx_word' id='word_1_21' title='bbox 1203 673 1284 738; x_wconf 84' lang='lat' dir='ltr'><strong>vitio</strong></span> <span class='ocrx_word' id='word_1_22' title='bbox 1307 677 1457 758; x_wconf 76' lang='lat' dir='ltr'><strong>nequeat,</strong></span> 
     </span>
     <span class='ocr_line' id='line_1_4' title="bbox 308 779 1456 867; baseline -0.003 -22"><span class='ocrx_word' id='word_1_23' title='bbox 308 779 508 867; x_wconf 81' lang='lat' dir='ltr'><strong>ignorandus</strong></span> <span class='ocrx_word' id='word_1_24' title='bbox 542 779 598 864; x_wconf 88' lang='lat' dir='ltr'><strong>sit,</strong></span> <span class='ocrx_word' id='word_1_25' title='bbox 630 780 744 864; x_wconf 91' lang='lat' dir='ltr'><strong>procul</strong></span> <span class='ocrx_word' id='word_1_26' title='bbox 776 779 954 866; x_wconf 88' lang='lat' dir='ltr'><strong>abdendus,</strong></span> <span class='ocrx_word' id='word_1_27' title='bbox 987 781 1206 846; x_wconf 87' lang='lat' dir='ltr'><strong>abstinendus.</strong></span> <span class='ocrx_word' id='word_1_28' title='bbox 1252 779 1314 845; x_wconf 95' lang='lat' dir='ltr'><strong>Illo</strong></span> <span class='ocrx_word' id='word_1_29' title='bbox 1347 781 1456 845; x_wconf 89' lang='lat' dir='ltr'><strong>autem</strong></span> 
     </span>
     <span class='ocr_line' id='line_1_5' title="bbox 308 885 1455 972; baseline -0.002 -22"><span class='ocrx_word' id='word_1_30' title='bbox 308 909 372 971; x_wconf 93' lang='lat' dir='ltr'><strong>quo</strong></span> <span class='ocrx_word' id='word_1_31' title='bbox 399 886 466 951; x_wconf 85' lang='lat' dir='ltr'>dixi</span> <span class='ocrx_word' id='word_1_32' title='bbox 495 886 633 951; x_wconf 90' lang='lat' dir='ltr'><strong>consilio</strong></span> <span class='ocrx_word' id='word_1_33' title='bbox 662 909 735 951; x_wconf 90' lang='lat' dir='ltr'><strong>cum</strong></span> <span class='ocrx_word' id='word_1_34' title='bbox 764 909 840 972; x_wconf 85' lang='lat' dir='ltr'><strong>prae</strong></span> <span class='ocrx_word' id='word_1_35' title='bbox 868 887 982 952; x_wconf 86' lang='lat' dir='ltr'><strong>ceteris</strong></span> <span class='ocrx_word' id='word_1_36' title='bbox 1009 887 1174 952; x_wconf 85' lang='lat' dir='ltr'><strong>videretur</strong></span> <span class='ocrx_word' id='word_1_37' title='bbox 1200 886 1262 950; x_wconf 93' lang='lat' dir='ltr'><strong>hoc</strong></span> <span class='ocrx_word' id='word_1_38' title='bbox 1294 885 1455 970; x_wconf 82' lang='lat' dir='ltr'><strong>agendum</strong></span> 
     </span>
     <span class='ocr_line' id='line_1_6' title="bbox 308 993 1457 1078; baseline 0.001 -21"><span class='ocrx_word' id='word_1_39' title='bbox 308 1015 387 1077; x_wconf 89' lang='lat' dir='ltr'><strong>esse,</strong></span> <span class='ocrx_word' id='word_1_40' title='bbox 412 997 447 1058; x_wconf 89' lang='lat' dir='ltr'><strong>ut</strong></span> <span class='ocrx_word' id='word_1_41' title='bbox 465 993 537 1078; x_wconf 90' lang='lat' dir='ltr'><strong>ipsa</strong></span> <span class='ocrx_word' id='word_1_42' title='bbox 556 993 656 1058; x_wconf 84' lang='lat' dir='ltr'><strong>verba</strong></span> <span class='ocrx_word' id='word_1_43' title='bbox 673 996 789 1076; x_wconf 85' lang='lat' dir='ltr'><strong>poetae</strong></span> <span class='ocrx_word' id='word_1_44' title='bbox 808 993 848 1058; x_wconf 90' lang='lat' dir='ltr'><strong>ad</strong></span> <span class='ocrx_word' id='word_1_45' title='bbox 867 993 963 1060; x_wconf 91' lang='lat' dir='ltr'><strong>fidem</strong></span> <span class='ocrx_word' id='word_1_46' title='bbox 983 994 1141 1059; x_wconf 90' lang='lat' dir='ltr'><strong>librorum</strong></span> <span class='ocrx_word' id='word_1_47' title='bbox 1160 995 1273 1058; x_wconf 87' lang='lat' dir='ltr'><strong>exacta</strong></span> <span class='ocrx_word' id='word_1_48' title='bbox 1292 995 1325 1055; x_wconf 89' lang='lat' dir='ltr'><strong>et</strong></span> <span class='ocrx_word' id='word_1_49' title='bbox 1343 993 1457 1059; x_wconf 87' lang='lat' dir='ltr'><strong>critica</strong></span> 
     </span>
     <span class='ocr_line' id='line_1_7' title="bbox 309 1099 1456 1186; baseline -0.002 -21"><span class='ocrx_word' id='word_1_50' title='bbox 309 1100 511 1186; x_wconf 77' lang='lat' dir='ltr'><strong>supellectile</strong></span> <span class='ocrx_word' id='word_1_51' title='bbox 538 1100 698 1165; x_wconf 88' lang='lat' dir='ltr'><strong>instructa</strong></span> <span class='ocrx_word' id='word_1_52' title='bbox 726 1123 823 1185; x_wconf 89' lang='lat' dir='ltr'><strong>quam</strong></span> <span class='ocrx_word' id='word_1_53' title='bbox 851 1101 1065 1185; x_wconf 90' lang='lat' dir='ltr'><strong>plurimorum</strong></span> <span class='ocrx_word' id='word_1_54' title='bbox 1093 1100 1242 1165; x_wconf 86' lang='lat' dir='ltr'><strong>manibus</strong></span> <span class='ocrx_word' id='word_1_55' title='bbox 1271 1121 1368 1184; x_wconf 89' lang='lat' dir='ltr'><strong>quam</strong></span> <span class='ocrx_word' id='word_1_56' title='bbox 1392 1099 1456 1183; x_wconf 92' lang='lat' dir='ltr'><strong>pri·</strong></span> 
     </span>
     <span class='ocr_line' id='line_1_8' title="bbox 309 1206 1455 1292; baseline -0.002 -20"><span class='ocrx_word' id='word_1_57' title='bbox 309 1229 397 1272; x_wconf 92' lang='lat' dir='ltr'><strong>mum</strong></span> <span class='ocrx_word' id='word_1_58' title='bbox 420 1207 637 1291; x_wconf 80' lang='lat' dir='ltr'><strong>traderentur,</strong></span> <span class='ocrx_word' id='word_1_59' title='bbox 663 1206 751 1271; x_wconf 92' lang='lat' dir='ltr'><strong>haud</strong></span> <span class='ocrx_word' id='word_1_60' title='bbox 775 1209 842 1272; x_wconf 90' lang='lat' dir='ltr'><strong>scio</strong></span> <span class='ocrx_word' id='word_1_61' title='bbox 867 1229 908 1272; x_wconf 89' lang='lat' dir='ltr'><strong>an</strong></span> <span class='ocrx_word' id='word_1_62' title='bbox 932 1207 1111 1272; x_wconf 85' lang='lat' dir='ltr'><strong>laudandus</strong></span> <span class='ocrx_word' id='word_1_63' title='bbox 1134 1207 1244 1292; x_wconf 86' lang='lat' dir='ltr'><strong>potius</strong></span> <span class='ocrx_word' id='word_1_64' title='bbox 1267 1228 1364 1292; x_wconf 88' lang='lat' dir='ltr'><strong>quam</strong></span> <span class='ocrx_word' id='word_1_65' title='bbox 1388 1207 1455 1271; x_wconf 92' lang='lat' dir='ltr'><strong>oul-</strong></span> 
     </span>
     <span class='ocr_line' id='line_1_9' title="bbox 309 1313 1456 1399; baseline 0.003 -23"><span class='ocrx_word' id='word_1_66' title='bbox 309 1313 434 1397; x_wconf 89' lang='lat' dir='ltr'><strong>pandus</strong></span> <span class='ocrx_word' id='word_1_67' title='bbox 454 1313 574 1397; x_wconf 86' lang='lat' dir='ltr'><strong>videar,</strong></span> <span class='ocrx_word' id='word_1_68' title='bbox 597 1313 682 1398; x_wconf 91' lang='lat' dir='ltr'><strong>quod</strong></span> <span class='ocrx_word' id='word_1_69' title='bbox 707 1335 815 1380; x_wconf 88' lang='lat' dir='ltr'><strong>morae</strong></span> <span class='ocrx_word' id='word_1_70' title='bbox 839 1315 1013 1399; x_wconf 80' lang='lat' dir='ltr'><strong>impatiens</strong></span> <span class='ocrx_word' id='word_1_71' title='bbox 1037 1337 1122 1380; x_wconf 90' lang='lat' dir='ltr'><strong>nunc</strong></span> <span class='ocrx_word' id='word_1_72' title='bbox 1141 1315 1270 1399; x_wconf 90' lang='lat' dir='ltr'><strong>quidem</strong></span> <span class='ocrx_word' id='word_1_73' title='bbox 1289 1336 1309 1378; x_wconf 90' lang='lat' dir='ltr'><strong>a</strong></span> <span class='ocrx_word' id='word_1_74' title='bbox 1327 1335 1456 1380; x_wconf 89' lang='lat' dir='ltr'><strong>caussa·</strong></span> 
     </span>
     <span class='ocr_line' id='line_1_10' title="bbox 307 1419 1454 1506; baseline 0.001 -22"><span class='ocrx_word' id='word_1_75' title='bbox 307 1441 379 1485; x_wconf 90' lang='lat' dir='ltr'><strong>rum</strong></span> <span class='ocrx_word' id='word_1_76' title='bbox 408 1419 609 1504; x_wconf 86' lang='lat' dir='ltr'><strong>expositione</strong></span> <span class='ocrx_word' id='word_1_77' title='bbox 639 1421 750 1505; x_wconf 90' lang='lat' dir='ltr'><strong>paullo</strong></span> <span class='ocrx_word' id='word_1_78' title='bbox 777 1422 941 1506; x_wconf 87' lang='lat' dir='ltr'><strong>uberiore,</strong></span> <span class='ocrx_word' id='word_1_79' title='bbox 969 1443 1032 1506; x_wconf 90' lang='lat' dir='ltr'><strong>qua</strong></span> <span class='ocrx_word' id='word_1_80' title='bbox 1060 1422 1221 1487; x_wconf 92' lang='lat' dir='ltr'><strong>rationem</strong></span> <span class='ocrx_word' id='word_1_81' title='bbox 1245 1421 1409 1486; x_wconf 87' lang='lat' dir='ltr'><strong>redderem</strong></span> <span class='ocrx_word' id='word_1_82' title='bbox 1434 1445 1454 1486; x_wconf 91' lang='lat' dir='ltr'><strong>a</strong></span> 
     </span>
     <span class='ocr_line' id='line_1_11' title="bbox 308 1528 1455 1616; baseline 0.003 -26"><span class='ocrx_word' id='word_1_83' title='bbox 308 1549 360 1592; x_wconf 90' lang='lat' dir='ltr'><strong>me</strong></span> <span class='ocrx_word' id='word_1_84' title='bbox 383 1529 434 1593; x_wconf 85' lang='lat' dir='ltr'><strong>vel</strong></span> <span class='ocrx_word' id='word_1_85' title='bbox 457 1533 660 1612; x_wconf 86' lang='lat' dir='ltr'><strong>receptorum</strong></span> <span class='ocrx_word' id='word_1_86' title='bbox 684 1531 734 1594; x_wconf 84' lang='lat' dir='ltr'><strong>vel</strong></span> <span class='ocrx_word' id='word_1_87' title='bbox 757 1531 1015 1616; x_wconf 89' lang='lat' dir='ltr'><strong>reprobatorum,</strong></span> <span class='ocrx_word' id='word_1_88' title='bbox 1037 1551 1103 1596; x_wconf 92' lang='lat' dir='ltr'><strong>nou</strong></span> <span class='ocrx_word' id='word_1_89' title='bbox 1126 1531 1196 1595; x_wconf 91' lang='lat' dir='ltr'><strong>sine</strong></span> <span class='ocrx_word' id='word_1_90' title='bbox 1215 1529 1324 1614; x_wconf 87' lang='lat' dir='ltr'><strong>aliquo</strong></span> <span class='ocrx_word' id='word_1_91' title='bbox 1344 1528 1455 1593; x_wconf 88' lang='lat' dir='ltr'><strong>dolore</strong></span> 
     </span>
     <span class='ocr_line' id='line_1_12' title="bbox 308 1634 1454 1721; baseline 0.003 -25"><span class='ocrx_word' id='word_1_92' title='bbox 308 1655 359 1697; x_wconf 90' lang='lat' dir='ltr'><strong>mo</strong></span> <span class='ocrx_word' id='word_1_93' title='bbox 388 1634 547 1701; x_wconf 88' lang='lat' dir='ltr'><strong>abstinui:</strong></span> <span class='ocrx_word' id='word_1_94' title='bbox 579 1659 645 1700; x_wconf 94' lang='lat' dir='ltr'><strong>non</strong></span> <span class='ocrx_word' id='word_1_95' title='bbox 672 1636 848 1721; x_wconf 88' lang='lat' dir='ltr'><strong>desperans</strong></span> <span class='ocrx_word' id='word_1_96' title='bbox 876 1641 986 1703; x_wconf 88' lang='lat' dir='ltr'><strong>tamen</strong></span> <span class='ocrx_word' id='word_1_97' title='bbox 1014 1636 1054 1702; x_wconf 92' lang='lat' dir='ltr'><strong>de</strong></span> <span class='ocrx_word' id='word_1_98' title='bbox 1080 1637 1176 1702; x_wconf 89' lang='lat' dir='ltr'><strong>iustis</strong></span> <span class='ocrx_word' id='word_1_99' title='bbox 1204 1635 1454 1721; x_wconf 86' lang='lat' dir='ltr'><strong>commentariis,</strong></span> 
     </span>
     <span class='ocr_line' id='line_1_13' title="bbox 308 1742 1456 1828; baseline 0.002 -23"><span class='ocrx_word' id='word_1_100' title='bbox 308 1761 380 1805; x_wconf 93' lang='lat' dir='ltr'><strong>oum</strong></span> <span class='ocrx_word' id='word_1_101' title='bbox 408 1742 513 1826; x_wconf 89' lang='lat' dir='ltr'><strong>ipsam</strong></span> <span class='ocrx_word' id='word_1_102' title='bbox 542 1743 711 1824; x_wconf 78' lang='grc' dir='ltr'>διόρθωειν</span> <span class='ocrx_word' id='word_1_103' title='bbox 738 1744 924 1828; x_wconf 83' lang='lat' dir='ltr'><strong>absolvero,</strong></span> <span class='ocrx_word' id='word_1_104' title='bbox 952 1745 1028 1808; x_wconf 91' lang='lat' dir='ltr'><strong>olim</strong></span> <span class='ocrx_word' id='word_1_105' title='bbox 1058 1742 1203 1827; x_wconf 89' lang='lat' dir='ltr'><strong>edendis,</strong></span> <span class='ocrx_word' id='word_1_106' title='bbox 1238 1743 1265 1808; x_wconf 92' lang='lat' dir='ltr'><strong>si</strong></span> <span class='ocrx_word' id='word_1_107' title='bbox 1293 1765 1351 1826; x_wconf 92' lang='lat' dir='ltr'><strong>per</strong></span> <span class='ocrx_word' id='word_1_108' title='bbox 1378 1748 1456 1808; x_wconf 86' lang='lat' dir='ltr'><strong>tem·</strong></span> 
     </span>
     <span class='ocr_line' id='line_1_14' title="bbox 309 1848 1455 1934; baseline 0.003 -23"><span class='ocrx_word' id='word_1_109' title='bbox 309 1851 451 1932; x_wconf 85' lang='lat' dir='ltr'><strong>pestates</strong></span> <span class='ocrx_word' id='word_1_110' title='bbox 479 1851 606 1916; x_wconf 87' lang='lat' dir='ltr'><strong>licuerit</strong></span> <span class='ocrx_word' id='word_1_111' title='bbox 633 1872 693 1914; x_wconf 91' lang='lat' dir='ltr'><strong>nee</strong></span> <span class='ocrx_word' id='word_1_112' title='bbox 721 1850 876 1914; x_wconf 85' lang='lat' dir='ltr'><strong>desierint</strong></span> <span class='ocrx_word' id='word_1_113' title='bbox 903 1850 983 1914; x_wconf 87' lang='lat' dir='ltr'><strong>haec</strong></span> <span class='ocrx_word' id='word_1_114' title='bbox 1012 1849 1121 1915; x_wconf 91' lang='lat' dir='ltr'><strong>studia</strong></span> <span class='ocrx_word' id='word_1_115' title='bbox 1144 1849 1253 1934; x_wconf 92' lang='lat' dir='ltr'><strong>aliquo</strong></span> <span class='ocrx_word' id='word_1_116' title='bbox 1276 1849 1310 1912; x_wconf 91' lang='lat' dir='ltr'><strong>iu</strong></span> <span class='ocrx_word' id='word_1_117' title='bbox 1334 1848 1455 1914; x_wconf 88' lang='lat' dir='ltr'><strong>bonore</strong></span> 
     </span>
     <span class='ocr_line' id='line_1_15' title="bbox 309 1955 1456 2043; baseline 0 -24"><span class='ocrx_word' id='word_1_118' title='bbox 309 1977 389 2020; x_wconf 87' lang='lat' dir='ltr'><strong>esse.</strong></span> <span class='ocrx_word' id='word_1_119' title='bbox 434 1955 505 2021; x_wconf 91' lang='lat' dir='ltr'><strong>Hoc</strong></span> <span class='ocrx_word' id='word_1_120' title='bbox 527 1962 637 2022; x_wconf 88' lang='lat' dir='ltr'><strong>tamen</strong></span> <span class='ocrx_word' id='word_1_121' title='bbox 665 1957 770 2043; x_wconf 80' lang='lat' dir='ltr'><strong>magis</strong></span> <span class='ocrx_word' id='word_1_122' title='bbox 794 1956 888 2022; x_wconf 86' lang='lat' dir='ltr'><strong>video</strong></span> <span class='ocrx_word' id='word_1_123' title='bbox 916 1956 997 2020; x_wconf 91' lang='lat' dir='ltr'><strong>mihi</strong></span> <span class='ocrx_word' id='word_1_124' title='bbox 1017 1957 1059 2021; x_wconf 64' lang='lat' dir='ltr'><strong>‘de</strong></span> <span class='ocrx_word' id='word_1_125' title='bbox 1082 1955 1285 2040; x_wconf 85' lang='lat' dir='ltr'><strong>gravissimis</strong></span> <span class='ocrx_word' id='word_1_126' title='bbox 1308 1955 1456 2038; x_wconf 87' lang='lat' dir='ltr'><strong>partibus</strong></span> 
     </span>
     <span class='ocr_line' id='line_1_16' title="bbox 310 2062 1452 2152; baseline 0 -25"><span class='ocrx_word' id='word_1_127' title='bbox 310 2063 544 2152; x_wconf 77' lang='lat' dir='ltr'><strong>emendationis</strong></span> <span class='ocrx_word' id='word_1_128' title='bbox 563 2063 733 2128; x_wconf 86' lang='lat' dir='ltr'><strong>Plautinae</strong></span> <span class='ocrx_word' id='word_1_129' title='bbox 756 2062 818 2129; x_wconf 89' lang='lat' dir='ltr'><strong>hoc</strong></span> <span class='ocrx_word' id='word_1_130' title='bbox 841 2064 912 2128; x_wconf 89' lang='lat' dir='ltr'><strong>loco</strong></span> <span class='ocrx_word' id='word_1_131' title='bbox 932 2063 1111 2149; x_wconf 83' lang='lat' dir='ltr'><strong>generatim</strong></span> <span class='ocrx_word' id='word_1_132' title='bbox 1131 2062 1354 2147; x_wconf 84' lang='lat' dir='ltr'><strong>exponendum</strong></span> <span class='ocrx_word' id='word_1_133' title='bbox 1373 2085 1452 2128; x_wconf 89' lang='lat' dir='ltr'><strong>esse.</strong></span> 
     </span>
    </p>
   </div>
   <div class='ocr_carea' id='block_1_3' title="bbox 786 2311 980 2378">
    <p class='ocr_par' dir='ltr' id='par_1_3' title="bbox 786 2311 980 2378">
     <span class='ocr_line' id='line_1_17' title="bbox 786 2311 980 2378; baseline 0 -1"><span class='ocrx_word' id='word_1_134' title='bbox 786 2329 900 2378; x_wconf 73' lang='lat' dir='ltr'><strong>curun</strong></span> <span class='ocrx_word' id='word_1_135' title='bbox 924 2311 980 2378; x_wconf 87' lang='lat' dir='ltr'><strong>VI.</strong></span> 
     </span>
    </p>
   </div>
   <div class='ocr_carea' id='block_1_4' title="bbox 399 2453 1456 2541">
    <p class='ocr_par' dir='ltr' id='par_1_4' title="bbox 399 2453 1456 2541">
     <span class='ocr_line' id='line_1_18' title="bbox 399 2453 1456 2541; baseline 0 -21"><span class='ocrx_word' id='word_1_136' title='bbox 399 2453 552 2520; x_wconf 92' lang='lat' dir='ltr'><strong>Omnium</strong></span> <span class='ocrx_word' id='word_1_137' title='bbox 576 2461 685 2521; x_wconf 87' lang='lat' dir='ltr'><strong>autem</strong></span> <span class='ocrx_word' id='word_1_138' title='bbox 709 2457 849 2541; x_wconf 91' lang='lat' dir='ltr'><strong>primum</strong></span> <span class='ocrx_word' id='word_1_139' title='bbox 874 2457 1050 2522; x_wconf 89' lang='lat' dir='ltr'><strong>curandum</strong></span> <span class='ocrx_word' id='word_1_140' title='bbox 1071 2459 1130 2538; x_wconf 92' lang='lat' dir='ltr'><strong>est,</strong></span> <span class='ocrx_word' id='word_1_141' title='bbox 1153 2459 1189 2519; x_wconf 89' lang='lat' dir='ltr'><strong>ut</strong></span> <span class='ocrx_word' id='word_1_142' title='bbox 1207 2455 1247 2519; x_wconf 94' lang='lat' dir='ltr'><strong>de</strong></span> <span class='ocrx_word' id='word_1_143' title='bbox 1270 2455 1349 2520; x_wconf 82' lang='lat' dir='ltr'><strong>fide</strong></span> <span class='ocrx_word' id='word_1_144' title='bbox 1369 2455 1456 2520; x_wconf 84' lang='lat' dir='ltr'><strong>Am·</strong></span> 
     </span>
    </p>
   </div>
   <div class='ocr_carea' id='block_1_5' title="bbox 291 2559 1457 4461">
    <p class='ocr_par' dir='ltr' id='par_1_5' title="bbox 291 2559 1457 4461">
     <span class='ocr_line' id='line_1_19' title="bbox 310 2559 1454 2647; baseline 0.002 -22"><span class='ocrx_word' id='word_1_145' title='bbox 310 2562 484 2626; x_wconf 88' lang='lat' dir='ltr'><strong>brosiani</strong></span> <span class='ocrx_word' id='word_1_146' title='bbox 507 2562 593 2647; x_wconf 90' lang='lat' dir='ltr'><strong>libri,</strong></span> <span class='ocrx_word' id='word_1_147' title='bbox 616 2563 717 2647; x_wconf 90' lang='lat' dir='ltr'><strong>deque</strong></span> <span class='ocrx_word' id='word_1_148' title='bbox 740 2563 865 2628; x_wconf 90' lang='lat' dir='ltr'><strong>ratione</strong></span> <span class='ocrx_word' id='word_1_149' title='bbox 888 2583 971 2647; x_wconf 91' lang='lat' dir='ltr'><strong>quae</strong></span> <span class='ocrx_word' id='word_1_150' title='bbox 995 2563 1081 2626; x_wconf 86' lang='lat' dir='ltr'><strong>inter</strong></span> <span class='ocrx_word' id='word_1_151' title='bbox 1103 2561 1190 2626; x_wconf 91' lang='lat' dir='ltr'><strong>hunc</strong></span> <span class='ocrx_word' id='word_1_152' title='bbox 1214 2566 1247 2625; x_wconf 92' lang='lat' dir='ltr'><strong>et</strong></span> <span class='ocrx_word' id='word_1_153' title='bbox 1266 2559 1454 2647; x_wconf 82' lang='lat' dir='ltr'><strong>Calliopii</strong></span> 
     </span>
     <span class='ocr_line' id='line_1_20' title="bbox 291 2667 1451 2756; baseline 0.002 -24"><span class='ocrx_word' id='word_1_154' title='bbox 291 2670 573 2734; x_wconf 88' lang='lat' dir='ltr'><strong>‘recensionem</strong></span> <span class='ocrx_word' id='word_1_155' title='bbox 597 2667 724 2756; x_wconf 91' lang='lat' dir='ltr'><strong>(licebit</strong></span> <span class='ocrx_word' id='word_1_156' title='bbox 742 2671 827 2736; x_wconf 92' lang='lat' dir='ltr'><strong>enim</strong></span> <span class='ocrx_word' id='word_1_157' title='bbox 846 2670 907 2735; x_wconf 87' lang='lat' dir='ltr'><strong>hoo</strong></span> <span class='ocrx_word' id='word_1_158' title='bbox 925 2669 1055 2734; x_wconf 87' lang='lat' dir='ltr'><strong>nomine</strong></span> <span class='ocrx_word' id='word_1_159' title='bbox 1074 2667 1136 2756; x_wconf 89' lang='lat' dir='ltr'><strong>uti)</strong></span> <span class='ocrx_word' id='word_1_160' title='bbox 1156 2669 1343 2754; x_wconf 86' lang='lat' dir='ltr'><strong>intercedat,</strong></span> <span class='ocrx_word' id='word_1_161' title='bbox 1366 2675 1451 2734; x_wconf 89' lang='lat' dir='ltr'><strong>recte</strong></span> 
     </span>
     <span class='ocr_line' id='line_1_21' title="bbox 311 2775 1454 2860; baseline 0 -20"><span class='ocrx_word' id='word_1_162' title='bbox 311 2775 483 2840; x_wconf 86' lang='lat' dir='ltr'><strong>sentiatur:</strong></span> <span class='ocrx_word' id='word_1_163' title='bbox 506 2775 540 2840; x_wconf 91' lang='lat' dir='ltr'><strong>in</strong></span> <span class='ocrx_word' id='word_1_164' title='bbox 563 2798 627 2860; x_wconf 95' lang='lat' dir='ltr'><strong>quo</strong></span> <span class='ocrx_word' id='word_1_165' title='bbox 650 2799 716 2840; x_wconf 92' lang='lat' dir='ltr'><strong>non</strong></span> <span class='ocrx_word' id='word_1_166' title='bbox 740 2777 847 2841; x_wconf 88' lang='lat' dir='ltr'><strong>minus</strong></span> <span class='ocrx_word' id='word_1_167' title='bbox 870 2777 950 2841; x_wconf 90' lang='lat' dir='ltr'><strong>illud</strong></span> <span class='ocrx_word' id='word_1_168' title='bbox 975 2776 1161 2859; x_wconf 87' lang='lat' dir='ltr'><strong>cavendum,</strong></span> <span class='ocrx_word' id='word_1_169' title='bbox 1183 2797 1224 2839; x_wconf 89' lang='lat' dir='ltr'><strong>ne</strong></span> <span class='ocrx_word' id='word_1_170' title='bbox 1243 2776 1328 2840; x_wconf 89' lang='lat' dir='ltr'><strong>iusto</strong></span> <span class='ocrx_word' id='word_1_171' title='bbox 1352 2775 1454 2859; x_wconf 86' lang='lat' dir='ltr'><strong>pluris</strong></span> 
     </span>
     <span class='ocr_line' id='line_1_22' title="bbox 309 2879 1457 2969; baseline -0.001 -23"><span class='ocrx_word' id='word_1_172' title='bbox 309 2881 396 2947; x_wconf 91' lang='lat' dir='ltr'><strong>illius</strong></span> <span class='ocrx_word' id='word_1_173' title='bbox 420 2883 660 2969; x_wconf 87' lang='lat' dir='ltr'><strong>auctoritatem,</strong></span> <span class='ocrx_word' id='word_1_174' title='bbox 688 2905 785 2969; x_wconf 88' lang='lat' dir='ltr'><strong>quam</strong></span> <span class='ocrx_word' id='word_1_175' title='bbox 811 2905 851 2948; x_wconf 92' lang='lat' dir='ltr'><strong>ne</strong></span> <span class='ocrx_word' id='word_1_176' title='bbox 875 2883 962 2949; x_wconf 91' lang='lat' dir='ltr'><strong>iusto</strong></span> <span class='ocrx_word' id='word_1_177' title='bbox 985 2882 1120 2948; x_wconf 86' lang='lat' dir='ltr'><strong>minoris</strong></span> <span class='ocrx_word' id='word_1_178' title='bbox 1143 2879 1292 2967; x_wconf 72' lang='lat' dir='ltr'><strong>faoias.*)</strong></span> <span class='ocrx_word' id='word_1_179' title='bbox 1337 2881 1383 2945; x_wconf 87' lang='lat' dir='ltr'><strong>Et</strong></span> <span class='ocrx_word' id='word_1_180' title='bbox 1406 2903 1457 2946; x_wconf 87' lang='lat' dir='ltr'><strong>co·</strong></span> 
     </span>
     <span class='ocr_line' id='line_1_23' title="bbox 310 2989 1456 3076; baseline -0.001 -23"><span class='ocrx_word' id='word_1_181' title='bbox 310 2989 413 3054; x_wconf 90' lang='lat' dir='ltr'><strong>dicem</strong></span> <span class='ocrx_word' id='word_1_182' title='bbox 437 2990 566 3076; x_wconf 90' lang='lat' dir='ltr'><strong>quidem</strong></span> <span class='ocrx_word' id='word_1_183' title='bbox 590 2991 696 3075; x_wconf 89' lang='lat' dir='ltr'><strong>ipsum</strong></span> <span class='ocrx_word' id='word_1_184' title='bbox 719 2990 882 3057; x_wconf 88' lang='lat' dir='ltr'><strong>neminem</strong></span> <span class='ocrx_word' id='word_1_185' title='bbox 906 2991 1001 3056; x_wconf 88' lang='lat' dir='ltr'><strong>facile</strong></span> <span class='ocrx_word' id='word_1_186' title='bbox 1024 2990 1110 3076; x_wconf 78' lang='lat' dir='ltr'><strong>fugit</strong></span> <span class='ocrx_word' id='word_1_187' title='bbox 1132 3011 1198 3054; x_wconf 92' lang='lat' dir='ltr'><strong>non</strong></span> <span class='ocrx_word' id='word_1_188' title='bbox 1222 3009 1293 3053; x_wconf 88' lang='lat' dir='ltr'><strong>esse</strong></span> <span class='ocrx_word' id='word_1_189' title='bbox 1317 3010 1356 3054; x_wconf 88' lang='lat' dir='ltr'><strong>ea</strong></span> <span class='ocrx_word' id='word_1_190' title='bbox 1379 3010 1456 3053; x_wconf 88' lang='lat' dir='ltr'><strong>cura</strong></span> 
     </span>
     <span class='ocr_line' id='line_1_24' title="bbox 310 3094 1455 3181; baseline -0.003 -20"><span class='ocrx_word' id='word_1_191' title='bbox 310 3101 474 3181; x_wconf 89' lang='lat' dir='ltr'><strong>paratum,</strong></span> <span class='ocrx_word' id='word_1_192' title='bbox 510 3101 547 3160; x_wconf 88' lang='lat' dir='ltr'><strong>ut</strong></span> <span class='ocrx_word' id='word_1_193' title='bbox 577 3118 643 3162; x_wconf 92' lang='lat' dir='ltr'><strong>non</strong></span> <span class='ocrx_word' id='word_1_194' title='bbox 675 3096 780 3162; x_wconf 88' lang='lat' dir='ltr'><strong>multa</strong></span> <span class='ocrx_word' id='word_1_195' title='bbox 812 3097 897 3162; x_wconf 88' lang='lat' dir='ltr'><strong>inter</strong></span> <span class='ocrx_word' id='word_1_196' title='bbox 933 3096 1138 3162; x_wconf 89' lang='lat' dir='ltr'><strong>scribendum</strong></span> <span class='ocrx_word' id='word_1_197' title='bbox 1176 3094 1399 3179; x_wconf 90' lang='lat' dir='ltr'><strong>imprudenter</strong></span> <span class='ocrx_word' id='word_1_198' title='bbox 1436 3117 1455 3158; x_wconf 89' lang='lat' dir='ltr'><strong>a</strong></span> 
     </span>
     <span class='ocr_line' id='line_1_25' title="bbox 310 3199 1452 3290; baseline -0.002 -24"><span class='ocrx_word' id='word_1_199' title='bbox 310 3203 444 3268; x_wconf 90' lang='lat' dir='ltr'><strong>librario</strong></span> <span class='ocrx_word' id='word_1_200' title='bbox 468 3207 601 3289; x_wconf 89' lang='lat' dir='ltr'><strong>peccata</strong></span> <span class='ocrx_word' id='word_1_201' title='bbox 624 3204 700 3270; x_wconf 87' lang='lat' dir='ltr'><strong>sint:</strong></span> <span class='ocrx_word' id='word_1_202' title='bbox 729 3205 818 3269; x_wconf 85' lang='lat' dir='ltr'><strong>velut</strong></span> <span class='ocrx_word' id='word_1_203' title='bbox 841 3227 914 3269; x_wconf 93' lang='lat' dir='ltr'><strong>cum</strong></span> <span class='ocrx_word' id='word_1_204' title='bbox 937 3205 971 3270; x_wconf 91' lang='lat' dir='ltr'><strong>in</strong></span> <span class='ocrx_word' id='word_1_205' title='bbox 994 3203 1066 3290; x_wconf 92' lang='lat' dir='ltr'><strong>ipso</strong></span> <span class='ocrx_word' id='word_1_206' title='bbox 1090 3201 1247 3288; x_wconf 87' lang='lat' dir='ltr'><strong>principio</strong></span> <span class='ocrx_word' id='word_1_207' title='bbox 1272 3199 1452 3266; x_wconf 81' lang='lat' dir='ltr'><strong>Trinummi</strong></span> 
     </span>
     <span class='ocr_line' id='line_1_26' title="bbox 309 3310 1453 3398; baseline -0.002 -22"><span class='ocrx_word' id='word_1_208' title='bbox 309 3333 403 3376; x_wconf 83' lang='lat' dir='ltr'><strong>versu</strong></span> <span class='ocrx_word' id='word_1_209' title='bbox 430 3313 470 3376; x_wconf 88' lang='lat'><strong>10</strong></span> <span class='ocrx_word' id='word_1_210' title='bbox 492 3313 692 3398; x_wconf 85' lang='lat' dir='ltr'><strong>transposito</strong></span> <span class='ocrx_word' id='word_1_211' title='bbox 715 3334 745 3376; x_wconf 81' lang='lat' dir='ltr'><strong>v.</strong></span> <span class='ocrx_word' id='word_1_212' title='bbox 764 3312 784 3375; x_wconf 85' lang='lat'>8</span> <span class='ocrx_word' id='word_1_213' title='bbox 808 3315 841 3375; x_wconf 85' lang='lat' dir='ltr'><strong>et</strong></span> <span class='ocrx_word' id='word_1_214' title='bbox 864 3310 884 3375; x_wconf 89' lang='lat'>9</span> <span class='ocrx_word' id='word_1_215' title='bbox 908 3312 942 3375; x_wconf 93' lang='lat' dir='ltr'><strong>in</strong></span> <span class='ocrx_word' id='word_1_216' title='bbox 965 3333 1065 3376; x_wconf 93' lang='lat' dir='ltr'><strong>unum</strong></span> <span class='ocrx_word' id='word_1_217' title='bbox 1089 3311 1265 3394; x_wconf 85' lang='lat' dir='ltr'><strong>contraxit,</strong></span> <span class='ocrx_word' id='word_1_218' title='bbox 1292 3310 1344 3374; x_wconf 82' lang='lat' dir='ltr'><strong>vel</strong></span> <span class='ocrx_word' id='word_1_219' title='bbox 1364 3333 1392 3374; x_wconf 86' lang='lat' dir='ltr'><strong>v.</strong></span> <span class='ocrx_word' id='word_1_220' title='bbox 1414 3311 1453 3374; x_wconf 85' lang='grc'><strong>17</strong></span> 
     </span>
     <span class='ocr_line' id='line_1_27' title="bbox 309 3417 1454 3503; baseline -0.001 -21"><span class='ocrx_word' id='word_1_221' title='bbox 309 3435 461 3484; x_wconf 86' lang='lat' dir='ltr'><strong>uouosrs</strong></span> <span class='ocrx_word' id='word_1_222' title='bbox 484 3418 595 3502; x_wconf 88' lang='lat' dir='ltr'><strong>posuit</strong></span> <span class='ocrx_word' id='word_1_223' title='bbox 617 3441 677 3503; x_wconf 89' lang='lat' dir='ltr'><strong>pro</strong></span> <span class='ocrx_word' id='word_1_224' title='bbox 700 3436 812 3502; x_wconf 81' lang='lat' dir='ltr'><strong>coms,</strong></span> <span class='ocrx_word' id='word_1_225' title='bbox 833 3419 886 3484; x_wconf 80' lang='lat' dir='ltr'><strong>vel</strong></span> <span class='ocrx_word' id='word_1_226' title='bbox 909 3437 1035 3485; x_wconf 74' lang='lat' dir='ltr'><strong>naorsn</strong></span> <span class='ocrx_word' id='word_1_227' title='bbox 1058 3440 1117 3503; x_wconf 89' lang='lat' dir='ltr'><strong>pro</strong></span> <span class='ocrx_word' id='word_1_228' title='bbox 1141 3435 1271 3482; x_wconf 73' lang='lat' dir='ltr'><strong>sacrun</strong></span> <span class='ocrx_word' id='word_1_229' title='bbox 1295 3439 1324 3481; x_wconf 87' lang='lat' dir='ltr'><strong>v.</strong></span> <span class='ocrx_word' id='word_1_230' title='bbox 1349 3417 1401 3500; x_wconf 85' lang='grc'><strong>27,</strong></span> <span class='ocrx_word' id='word_1_231' title='bbox 1424 3433 1454 3482; x_wconf 88' lang='lat' dir='ltr'><strong>s1</strong></span> 
     </span>
     <span class='ocr_line' id='line_1_28' title="bbox 310 3525 1453 3610; baseline -0.002 -21"><span class='ocrx_word' id='word_1_232' title='bbox 310 3525 421 3590; x_wconf 90' lang='lat' dir='ltr'><strong>omisit</strong></span> <span class='ocrx_word' id='word_1_233' title='bbox 438 3549 467 3590; x_wconf 86' lang='lat' dir='ltr'><strong>v.</strong></span> <span class='ocrx_word' id='word_1_234' title='bbox 481 3528 535 3610; x_wconf 86' lang='lat'><strong>46,</strong></span> <span class='ocrx_word' id='word_1_235' title='bbox 555 3545 600 3590; x_wconf 79' lang='lat' dir='ltr'><strong>nn</strong></span> <span class='ocrx_word' id='word_1_236' title='bbox 619 3547 678 3610; x_wconf 92' lang='lat' dir='ltr'><strong>pro</strong></span> <span class='ocrx_word' id='word_1_237' title='bbox 697 3544 742 3590; x_wconf 81' lang='lat' dir='ltr'><strong>nu</strong></span> <span class='ocrx_word' id='word_1_238' title='bbox 761 3525 892 3610; x_wconf 83' lang='lat' dir='ltr'><strong>scripsit</strong></span> <span class='ocrx_word' id='word_1_239' title='bbox 910 3548 938 3590; x_wconf 90' lang='lat' dir='ltr'><strong>v.</strong></span> <span class='ocrx_word' id='word_1_240' title='bbox 958 3527 1010 3609; x_wconf 88' lang='grc'><strong>61,</strong></span> <span class='ocrx_word' id='word_1_241' title='bbox 1028 3541 1180 3591; x_wconf 72' lang='lat' dir='ltr'><strong>nuscum</strong></span> <span class='ocrx_word' id='word_1_242' title='bbox 1198 3546 1257 3608; x_wconf 89' lang='lat' dir='ltr'><strong>pro</strong></span> <span class='ocrx_word' id='word_1_243' title='bbox 1276 3540 1453 3589; x_wconf 72' lang='lat' dir='ltr'><strong>russonum</strong></span> 
     </span>
     <span class='ocr_line' id='line_1_29' title="bbox 311 3630 1454 3717; baseline 0 -23"><span class='ocrx_word' id='word_1_244' title='bbox 311 3652 339 3696; x_wconf 88' lang='lat' dir='ltr'><strong>v.</strong></span> <span class='ocrx_word' id='word_1_245' title='bbox 360 3633 433 3716; x_wconf 83' lang='lat'><strong>181,</strong></span> <span class='ocrx_word' id='word_1_246' title='bbox 455 3650 657 3699; x_wconf 77' lang='lat' dir='ltr'><strong>raucousaa</strong></span> <span class='ocrx_word' id='word_1_247' title='bbox 680 3655 739 3717; x_wconf 94' lang='lat' dir='ltr'><strong>pro</strong></span> <span class='ocrx_word' id='word_1_248' title='bbox 762 3650 944 3699; x_wconf 82' lang='lat' dir='ltr'><strong>raauoasa</strong></span> <span class='ocrx_word' id='word_1_249' title='bbox 968 3655 995 3697; x_wconf 84' lang='lat' dir='ltr'><strong>v.</strong></span> <span class='ocrx_word' id='word_1_250' title='bbox 1018 3633 1089 3716; x_wconf 89' lang='lat'><strong>183,</strong></span> <span class='ocrx_word' id='word_1_251' title='bbox 1113 3647 1314 3696; x_wconf 80' lang='lat' dir='ltr'><strong>runrsrroon</strong></span> <span class='ocrx_word' id='word_1_252' title='bbox 1332 3653 1360 3694; x_wconf 83' lang='lat' dir='ltr'><strong>v.</strong></span> <span class='ocrx_word' id='word_1_253' title='bbox 1380 3630 1454 3714; x_wconf 80' lang='lat'><strong>224,</strong></span> 
     </span>
     <span class='ocr_line' id='line_1_30' title="bbox 311 3737 1453 3824; baseline -0.003 -21"><span class='ocrx_word' id='word_1_254' title='bbox 311 3755 471 3816; x_wconf 76' lang='lat' dir='ltr'><strong>onmusm</strong></span> <span class='ocrx_word' id='word_1_255' title='bbox 486 3739 560 3823; x_wconf 80' lang='lat'><strong>283,</strong></span> <span class='ocrx_word' id='word_1_256' title='bbox 574 3757 754 3804; x_wconf 84' lang='lat' dir='ltr'><strong>ururunmr</strong></span> <span class='ocrx_word' id='word_1_257' title='bbox 769 3761 828 3824; x_wconf 85' lang='lat' dir='ltr'><strong>pro</strong></span> <span class='ocrx_word' id='word_1_258' title='bbox 842 3755 1021 3805; x_wconf 77' lang='lat' dir='ltr'><strong>morosum</strong></span> <span class='ocrx_word' id='word_1_259' title='bbox 1031 3737 1107 3822; x_wconf 85' lang='lat'><strong>309,</strong></span> <span class='ocrx_word' id='word_1_260' title='bbox 1121 3753 1453 3804; x_wconf 74' lang='lat' dir='ltr'><strong>concremassunnu</strong></span> 
     </span>
     <span class='ocr_line' id='line_1_31' title="bbox 310 3843 1454 3933; baseline -0.003 -24"><span class='ocrx_word' id='word_1_261' title='bbox 310 3845 388 3928; x_wconf 88' lang='lat'><strong>314,</strong></span> <span class='ocrx_word' id='word_1_262' title='bbox 411 3863 526 3912; x_wconf 79' lang='lat' dir='ltr'><strong>uonau</strong></span> <span class='ocrx_word' id='word_1_263' title='bbox 544 3869 604 3933; x_wconf 86' lang='lat' dir='ltr'><strong>pro</strong></span> <span class='ocrx_word' id='word_1_264' title='bbox 623 3862 740 3911; x_wconf 80' lang='lat' dir='ltr'><strong>nonar</strong></span> <span class='ocrx_word' id='word_1_265' title='bbox 759 3845 835 3928; x_wconf 92' lang='grc'><strong>474,</strong></span> <span class='ocrx_word' id='word_1_266' title='bbox 858 3861 965 3910; x_wconf 74' lang='lat' dir='ltr'><strong>muers</strong></span> <span class='ocrx_word' id='word_1_267' title='bbox 985 3866 1044 3929; x_wconf 91' lang='lat' dir='ltr'><strong>pro</strong></span> <span class='ocrx_word' id='word_1_268' title='bbox 1064 3861 1169 3908; x_wconf 79' lang='lat' dir='ltr'><strong>usnrs</strong></span> <span class='ocrx_word' id='word_1_269' title='bbox 1188 3843 1263 3927; x_wconf 78' lang='lat'><strong>475,</strong></span> <span class='ocrx_word' id='word_1_270' title='bbox 1283 3858 1454 3921; x_wconf 79' lang='lat' dir='ltr'><strong>cursours-</strong></span> 
     </span>
     <span class='ocr_line' id='line_1_32' title="bbox 309 3949 1455 4037; baseline -0.003 -21"><span class='ocrx_word' id='word_1_271' title='bbox 309 3969 406 4029; x_wconf 71' lang='lat' dir='ltr'><strong>cusu</strong></span> <span class='ocrx_word' id='word_1_272' title='bbox 440 3952 515 4037; x_wconf 82' lang='lat'><strong>519,</strong></span> <span class='ocrx_word' id='word_1_273' title='bbox 547 3967 1083 4029; x_wconf 74' lang='lat' dir='ltr'><strong>uunrnmnnouncssnmurousu</strong></span> <span class='ocrx_word' id='word_1_274' title='bbox 1115 3973 1174 4036; x_wconf 89' lang='lat' dir='ltr'><strong>pro</strong></span> <span class='ocrx_word' id='word_1_275' title='bbox 1206 3971 1354 4033; x_wconf 69' lang='lat' dir='ltr'><strong>eumaem</strong></span> <span class='ocrx_word' id='word_1_276' title='bbox 1384 3949 1455 4030; x_wconf 73' lang='lat' dir='ltr'><strong>fieri</strong></span> 
     </span>
     <span class='ocr_line' id='line_1_33' title="bbox 309 4057 1454 4142; baseline -0.006 -18"><span class='ocrx_word' id='word_1_277' title='bbox 309 4059 1021 4142; x_wconf 57' lang='grc' dir='ltr'><strong>1411191111ίὸ4111521,1111101111111111</strong></span> <span class='ocrx_word' id='word_1_278' title='bbox 1049 4057 1127 4141; x_wconf 88' lang='lat'><strong>648,</strong></span> <span class='ocrx_word' id='word_1_279' title='bbox 1160 4074 1285 4123; x_wconf 80' lang='lat' dir='ltr'><strong>onnam</strong></span> <span class='ocrx_word' id='word_1_280' title='bbox 1314 4057 1391 4139; x_wconf 88' lang='grc'><strong>744,</strong></span> <span class='ocrx_word' id='word_1_281' title='bbox 1420 4058 1454 4118; x_wconf 84' lang='lat' dir='ltr'><strong>et</strong></span> 
     </span>
     <span class='ocr_line' id='line_1_34' title="bbox 310 4163 1453 4249; baseline -0.004 -20"><span class='ocrx_word' id='word_1_282' title='bbox 310 4186 391 4249; x_wconf 88' lang='lat' dir='ltr'><strong>qnae</strong></span> <span class='ocrx_word' id='word_1_283' title='bbox 419 4170 495 4229; x_wconf 91' lang='lat' dir='ltr'><strong>sunt</strong></span> <span class='ocrx_word' id='word_1_284' title='bbox 523 4163 644 4229; x_wconf 91' lang='lat' dir='ltr'><strong>similia</strong></span> <span class='ocrx_word' id='word_1_285' title='bbox 671 4163 804 4228; x_wconf 89' lang='lat' dir='ltr'><strong>minime</strong></span> <span class='ocrx_word' id='word_1_286' title='bbox 832 4185 944 4248; x_wconf 89' lang='lat' dir='ltr'><strong>pauca.</strong></span> <span class='ocrx_word' id='word_1_287' title='bbox 990 4163 1060 4240; x_wconf 85' lang='lat' dir='ltr'><strong>Quo</strong></span> <span class='ocrx_word' id='word_1_288' title='bbox 1088 4163 1187 4228; x_wconf 90' lang='lat' dir='ltr'><strong>etiam</strong></span> <span class='ocrx_word' id='word_1_289' title='bbox 1216 4183 1327 4228; x_wconf 90' lang='lat' dir='ltr'><strong>eorum</strong></span> <span class='ocrx_word' id='word_1_290' title='bbox 1356 4181 1453 4246; x_wconf 88' lang='lat' dir='ltr'><strong>quae·</strong></span> 
     </span>
     <span class='ocr_line' id='line_1_35' title="bbox 309 4267 1451 4354; baseline -0.004 -20"><span class='ocrx_word' id='word_1_291' title='bbox 309 4270 383 4335; x_wconf 93' lang='lat' dir='ltr'><strong>dam</strong></span> <span class='ocrx_word' id='word_1_292' title='bbox 413 4270 581 4336; x_wconf 87' lang='lat' dir='ltr'><strong>referenda</strong></span> <span class='ocrx_word' id='word_1_293' title='bbox 609 4273 698 4353; x_wconf 92' lang='lat' dir='ltr'><strong>sunt,</strong></span> <span class='ocrx_word' id='word_1_294' title='bbox 725 4290 806 4354; x_wconf 89' lang='lat' dir='ltr'><strong>quae</strong></span> <span class='ocrx_word' id='word_1_295' title='bbox 834 4289 906 4332; x_wconf 88' lang='lat' dir='ltr'><strong>oum</strong></span> <span class='ocrx_word' id='word_1_296' title='bbox 934 4267 1027 4352; x_wconf 87' lang='lat' dir='ltr'><strong>plene</strong></span> <span class='ocrx_word' id='word_1_297' title='bbox 1050 4267 1115 4352; x_wconf 80' lang='lat' dir='ltr'><strong>legi</strong></span> <span class='ocrx_word' id='word_1_298' title='bbox 1138 4270 1314 4352; x_wconf 89' lang='lat' dir='ltr'><strong>nequeant,</strong></span> <span class='ocrx_word' id='word_1_299' title='bbox 1342 4269 1451 4330; x_wconf 89' lang='lat' dir='ltr'><strong>tamen</strong></span> 
     </span>
     <span class='ocr_line' id='line_1_36' title="bbox 310 4371 1452 4461; baseline -0.004 -21"><span class='ocrx_word' id='word_1_300' title='bbox 310 4376 351 4441; x_wconf 93' lang='lat' dir='ltr'><strong>ab</strong></span> <span class='ocrx_word' id='word_1_301' title='bbox 375 4376 546 4442; x_wconf 88' lang='lat' dir='ltr'><strong>emendata</strong></span> <span class='ocrx_word' id='word_1_302' title='bbox 568 4377 729 4461; x_wconf 87' lang='lat' dir='ltr'><strong>scriptura</strong></span> <span class='ocrx_word' id='word_1_303' title='bbox 752 4374 934 4458; x_wconf 89' lang='lat' dir='ltr'><strong>discrepare</strong></span> <span class='ocrx_word' id='word_1_304' title='bbox 957 4396 1110 4439; x_wconf 89' lang='lat' dir='ltr'><strong>numerus</strong></span> <span class='ocrx_word' id='word_1_305' title='bbox 1130 4373 1309 4458; x_wconf 88' lang='lat' dir='ltr'><strong>spatiorum</strong></span> <span class='ocrx_word' id='word_1_306' title='bbox 1329 4371 1452 4457; x_wconf 86' lang='lat' dir='ltr'><strong>doceat,</strong></span> 
     </span>
    </p>
   </div>
   <div class='ocr_carea' id='block_1_6' title="bbox 381 4548 955 4621">
    <p class='ocr_par' dir='ltr' id='par_1_6' title="bbox 381 4548 955 4621">
     <span class='ocr_line' id='line_1_37' title="bbox 381 4548 955 4621; baseline -0.01 -14"><span class='ocrx_word' id='word_1_307' title='bbox 381 4549 410 4620; x_wconf 65' lang='lat' dir='ltr'><strong>*j</strong></span> <span class='ocrx_word' id='word_1_308' title='bbox 431 4551 486 4620; x_wconf 81' lang='lat' dir='ltr'><strong>[ef.</strong></span> <span class='ocrx_word' id='word_1_309' title='bbox 507 4552 607 4621; x_wconf 89' lang='lat' dir='ltr'><strong>Opusc.</strong></span> <span class='ocrx_word' id='word_1_310' title='bbox 627 4550 696 4620; x_wconf 88' lang='lat' dir='ltr'><strong>pbil.</strong></span> <span class='ocrx_word' id='word_1_311' title='bbox 715 4548 754 4603; x_wconf 90' lang='grc' dir='ltr'><strong>ΙΙΙ</strong></span> <span class='ocrx_word' id='word_1_312' title='bbox 773 4567 799 4619; x_wconf 88' lang='lat' dir='ltr'><strong>p.</strong></span> <span class='ocrx_word' id='word_1_313' title='bbox 821 4555 862 4603; x_wconf 77' lang='lat'><strong>12.</strong></span> <span class='ocrx_word' id='word_1_314' title='bbox 883 4549 955 4618; x_wconf 73' lang='grc'><strong>791]</strong></span> 
     </span>
    </p>
   </div>
   <div class='ocr_carea' id='block_1_7' title="bbox 0 0 1675 5072">
    <p class='ocr_par' dir='ltr' id='par_1_7' title="bbox 0 0 1675 5072">
     <span class='ocr_line' id='line_1_38' title="bbox 0 0 1675 5072; baseline 0 0"><span class='ocrx_word' id='word_1_315' title='bbox 0 0 1675 5072; x_wconf 95' lang='lat' dir='ltr'><strong> </strong></span> 
     </span>
    </p>
   </div>
  </div>
 </body>
</html>
