3306 5070
469 444 769 495 amnunmrounu
792 445 865 494 uun
888 430 1096 495 laumense.
1291 427 1353 495 721

355 676 385 764 r)
409 678 464 742 Irn
487 679 729 746 Prooemium
754 679 818 745 des
842 680 1101 746 Sommersem.
1127 679 1212 745 1856

481 819 621 907 (quaest
644 825 864 907 onomatolog.
889 821 1082 908 Plautinae).

300 962 421 1028 Verum
446 964 526 1028 satis
541 968 600 1027 ,est
622 986 791 1049 nugarum,
815 987 1011 1051 quamquam
1035 964 1070 1028 in
1088 984 1204 1048 genere
1223 986 1288 1030 non
1307 966 1353 1028 in-

209 1071 374 1134 fructuoso
405 1091 574 1154 nugarum.
621 1071 713 1147 Quod
748 1075 785 1135 ut
818 1073 865 1136 ita
895 1094 965 1136 esse
998 1071 1090 1136 vobis
1122 1070 1355 1155 persuadeatis,

211 1179 416 1258 mementote,
440 1177 678 1242 commilitones
702 1178 877 1260 carissimi,
902 1177 987 1261 quod
1011 1177 1066 1240 diu
1090 1181 1140 1241 est
1163 1199 1235 1240 cum
1258 1178 1354 1261 longe

212 1283 386 1348 clarissimi
407 1285 455 1348 vir
474 1289 507 1347 et
524 1284 665 1348 nominis
685 1289 717 1348 et
736 1285 874 1368 exempli
893 1284 1125 1368 pronuntiavit,
1139 1305 1204 1347 non
1225 1283 1354 1348 aliunde

210 1391 345 1455 discidia
372 1391 407 1454 in
434 1391 531 1454 rebus
560 1391 656 1474 longe
685 1392 885 1476 gravissimis
910 1391 1047 1474 pendere
1071 1391 1134 1454 nisi
1159 1389 1200 1453 ab
1225 1390 1351 1474 ignora-

208 1497 298 1561 tione
323 1497 565 1581 grammaticae.
611 1495 736 1564 Valete.

702 1732 860 1739 --.--

353 1903 383 1992 s)
405 1905 460 1971 Im
484 1905 726 1972 Prooemium
749 1907 814 1972 des
838 1905 1100 1971 Summersem.
1126 1905 1209 1970 1857

370 2045 421 2130 (de
446 2046 601 2132 Aeschyli
624 2049 659 2112 in
683 2047 813 2133 Septem
836 2048 982 2114 uersibus
1001 2045 1203 2132 254-261).

296 2187 358 2252 His
386 2189 524 2254 feliciter
552 2194 589 2254 ut
616 2213 784 2274 speremus
813 2192 863 2255 vel
892 2191 1007 2254 saltem
1037 2193 1189 2273 optamus
1210 2189 1352 2273 peractis

210 2299 357 2378 superest
386 2301 422 2360 ut
449 2296 604 2360 instantis
633 2298 768 2362 aestatis
797 2297 915 2361 studiis
941 2295 1075 2379 vestris,
1107 2295 1353 2380 commilitones,

209 2401 426 2466 institutionis
460 2402 660 2468 academicae
693 2403 890 2468 luculentam
924 2402 1106 2466 ubertatem
1139 2402 1231 2467 illam
1269 2423 1353 2466 com·

209 2507 394 2572 mandemus
423 2530 520 2591 quam
551 2508 769 2573 subiectarum
799 2509 986 2574 tabularum
1015 2509 1158 2574 varietas
1190 2531 1351 2574 common·

209 2616 301 2698 strat,
325 2615 354 2677 ei
378 2619 487 2678 autem
511 2617 784 2682 commendationi
807 2617 944 2680 alteram
966 2615 1050 2680 hanc
1070 2617 1230 2680 sociemus
1248 2616 1352 2699 ipsius

208 2721 366 2805 prooemii
391 2721 495 2786 nostri
519 2721 632 2786 ducem
656 2725 752 2805 atque
776 2722 945 2807 comitem,
967 2745 1031 2805 qua
1055 2744 1172 2787 nervos
1195 2722 1352 2787 contineri

209 2827 236 2890 si
260 2848 325 2891 non
349 2829 528 2916 sapientiae
552 2831 587 2892 at
609 2827 852 2911 intellegentias
876 2826 1002 2892 Siculus
1026 2831 1124 2911 poeta
1147 2829 1242 2892 dixit:
1267 2832 1351 2908 νᾶφε

209 2934 262 2998 καὶ
285 2932 414 3012 μέμναε’
432 2933 583 3012 ἀπιετεῑν,
607 2932 709 3014 ἄρθρα
732 2940 832 3000 ταῦτα
854 2938 920 2998 τῶν
944 2939 1084 3016 φρενῶν.
1126 2934 1250 2998 Valete.
1281 2943 1287 2956 '

701 3167 859 3174 ——--—-

350 3343 379 3428 t)
403 3342 458 3406 Im
481 3342 722 3408 Prooemium
746 3343 811 3408 des
835 3341 1098 3408 Summersem.
1124 3344 1208 3410 1858
1319 3353 1323 3364 ’

403 3483 611 3569 (epimetrum
635 3486 674 3549 de
698 3485 855 3549 Varronis
880 3483 1160 3572 hebdomadibus).

298 3625 360 3691 Sed
384 3628 464 3692 satis
487 3631 519 3691 et
543 3629 721 3712 scripturae
745 3632 795 3691 est
818 3633 852 3692 et
874 3628 1088 3704 coniecturae,
1118 3626 1207 3703 Quae
1226 3627 1253 3691 si
1272 3628 1349 3692 talis

209 3757 278 3798 esse
307 3733 547 3798 existimabitur
574 3755 670 3816 quae,
704 3737 777 3798 utut
803 3737 917 3818 suapte
945 3739 1062 3800 natura
1085 3732 1239 3819 ambigua
1262 3733 1351 3798 etin

207 3840 331 3904 lubrico
355 3860 472 3924 genere
495 3839 632 3924 lubrica,
656 3861 714 3904 nec
738 3843 859 3904 temere
883 3839 1063 3904 harioletur
1086 3861 1145 3905 nee
1167 3840 1350 3925 petulanter

208 3947 389 4028 cavilletur,
422 3946 503 4010 satis
536 3968 606 4011 esse
639 3947 801 4012 consecuti
834 3946 929 4010 nobis
963 3946 1152 4011 videbimur.
1198 3945 1349 4010 Ceterum

208 4075 265 4116 vos
289 4054 394 4118 valete
413 4057 454 4136 et,
478 4057 636 4137 quantum
654 4075 712 4136 per
730 4053 890 4118 rationem
908 4053 993 4135 licet,
1017 4056 1103 4116 certa
1121 4053 1231 4136 potius
1250 4074 1347 4136 quam

208 4157 333 4222 incerta
356 4159 535 4223 sectamini.

702 4339 859 4348 -ῌ-

263 4547 304 4584 ΡΒ.
324 4547 472 4584 limacum
492 4546 624 4585 OPVSGVLA
642 4548 668 4584 V·
