3318 5072
527 459 790 510 nirnunnmours
815 459 1022 508 rnnvrrssn.
1282 443 1346 507 499

203 605 342 670 cernatis
366 604 502 690 dactylis
526 627 652 690 augere.
685 607 799 691 Itaque
818 628 881 670 non
903 605 1006 692 magis
1026 603 1178 689 consequi
1197 604 1347 688 dactylus

201 713 235 776 in
258 713 371 797 quinto
394 712 476 798 pede
499 713 606 796 potuit
629 712 716 777 Trin.
740 712 821 778 338:

293 852 376 932 Quia
399 853 469 920 sine
493 855 582 920 omni
606 855 778 946 malitiast,
801 856 941 921 tolerare
964 857 992 920 ei
1017 857 1195 940 egestatem
1219 855 1305 938 uolo,

204 995 273 1084 (ubi
303 1000 330 1062 si
359 1021 424 1064 non
452 1003 503 1062 est
525 1003 683 1080 epesmtem
705 999 733 1062 ei
755 998 1044 1083 transponendum,
1073 998 1107 1062 in
1131 1019 1228 1062 unam
1252 996 1348 1080 sylla·

202 1104 277 1168 bam
301 1125 346 1168 -rc
369 1107 396 1169 ci
418 1126 444 1169 e
469 1105 654 1169 coalescunt
676 1102 948 1190 pronuntiando.)
975 1127 1072 1189 quam
1101 1102 1292 1188 praecedere
1315 1103 1349 1168 in

203 1211 299 1275 tertio
324 1210 405 1294 pede
429 1210 545 1276 Bacch.
569 1212 762 1292 531[563]:

292 1350 376 1428 Qui?
399 1353 461 1418 tibi
485 1376 549 1419 non
574 1356 644 1420 erat
668 1355 871 1421 meretricum
896 1354 1033 1418 aliarum
1058 1352 1197 1418 Athenis
1222 1353 1327 1437 cdpia.

205 1495 267 1571 Qui
291 1517 403 1560 versus
428 1518 500 1561 cum
524 1497 765 1583 quadruplicem
791 1495 1079 1581 transpositionem
1103 1495 1268 1560 admittat:

293 1635 358 1712 Qui
378 1661 444 1703 non
467 1641 674 1704 meretricum
697 1639 761 1704 tibi
785 1638 923 1704 aliarum
947 1641 1017 1704 e'rat
1040 1639 1079 1702 A.
1103 1661 1129 1704 c.

294 1741 360 1820 Qui
380 1766 446 1809 non
470 1746 609 1810 aliarum
632 1745 693 1811 tibi
717 1746 920 1810 meretricum
945 1749 1014 1810 erat
1038 1746 1076 1811 A.
1101 1768 1126 1810 c.

297 1847 362 1925 Qui
382 1851 443 1915 tibi
466 1873 531 1916 non
556 1853 692 1916 aliarum
716 1851 923 1917 meretricum
947 1854 1016 1917 erat
1039 1851 1078 1916 nl.
1102 1874 1127 1916 c.

292 1955 358 2032 Qus
378 1957 439 2022 tibi
463 1980 529 2022 non
554 1956 758 2023 meretricum
783 1958 920 2023 aliarum
944 1959 1016 2022 erat
1039 1957 1077 2022 A.
1097 1981 1136 2022 a:

204 2101 265 2164 etsi
285 2100 401 2164 horunr
422 2101 641 2185 exemplorum
661 2101 785 2166 nullum
806 2105 855 2166 est
874 2101 963 2165 cuius
982 2123 1047 2165 uon
1067 2099 1187 2164 similia
1206 2123 1273 2183 cap.
1288 2101 1349 2166 XV

206 2206 448 2291 protulerimus,
470 2211 580 2271 tamen
603 2208 719 2271 ceteris
742 2207 851 2272 nescio
875 2231 917 2272 an
941 2212 975 2271 et
998 2206 1216 2290 simplicitatis
1236 2211 1269 2271 et
1289 2208 1349 2271 ele·

204 2313 336 2397 gantiae
360 2312 454 2377 laude
477 2319 629 2398 quartum
649 2317 792 2398 praestet
810 2336 883 2378 cum
904 2314 1024 2378 usitato
1044 2314 1077 2377 in
1098 2334 1231 2378 caesura
1248 2312 1350 2395 hiatu,

204 2420 367 2503 triplicato
393 2426 501 2485 autem
526 2421 568 2485 ab
591 2421 685 2485 initio
710 2420 848 2506 dactyle.

293 2526 332 2591 In
356 2527 427 2612 ipso
451 2532 559 2592 autem
584 2531 701 2613 quarto
731 2529 949 2612 septenarii
972 2528 1053 2611 pede
1077 2532 1113 2594 ut
1136 2529 1252 2613 quibus
1276 2550 1349 2595 cou-

204 2634 386 2700 dicionibus
410 2634 532 2720 dactyli
556 2657 633 2700 usus
657 2635 810 2702 astrictus
830 2636 873 2700 sit
891 2635 1111 2721 intellegatur,
1133 2636 1223 2720 prius
1243 2640 1293 2700 est
1311 2636 1350 2700 de

205 2764 387 2807 caesurae
410 2743 592 2808 rationibus
613 2742 724 2826 paullo
744 2743 933 2828 explicatius
952 2743 1132 2806 dicendum.
1162 2741 1242 2806 Eam
1264 2743 1349 2806 enim
1364 2760 1501 2804 cccxxiv

205 2872 277 2914 cum
306 2848 479 2932 septenarii
507 2848 690 2933 legitimam
713 2849 855 2915 habeant
878 2855 953 2935 post
976 2854 1129 2935 quartum
1153 2849 1350 2932 trochaeum,

203 2978 270 3020 non
294 2959 343 3019 est
365 2977 403 3019 ea
425 2956 556 3039 quidem
579 2979 654 3022 raro
677 2959 836 3043 neglecta,
860 2958 914 3022 sed
939 2981 1003 3023 non
1028 2962 1212 3023 esttamen
1236 2956 1349 3040 quovis

204 3059 300 3126 modo
328 3061 487 3146 neglecta.
534 3062 658 3146 Quippe
689 3065 881 3150 principalis
912 3086 1062 3129 caesurae
1090 3063 1180 3127 illius
1210 3063 1348 3128 vicarias

203 3171 373 3254 poetarum
405 3191 457 3233 ars
488 3169 603 3233 ascivit
633 3171 840 3237 secundarius
871 3173 964 3256 duas,
997 3194 1132 3257 quarum
1164 3170 1267 3235 altera
1298 3175 1348 3234 est

204 3281 279 3360 post
302 3279 450 3360 quartam
475 3276 584 3357 arsim,
607 3281 682 3359 post
705 3279 850 3360 quintam
876 3280 973 3344 arsim
998 3278 1113 3343 altera:

577 3435 675 3468 ,eu-o
693 3436 762 3468 nu-
779 3419 783 3486 l
799 3443 817 3469 υ
834 3438 933 3470 num
950 3439 1021 3471 no-

577 3524 594 3555 L
631 3530 675 3556 ,υ
692 3525 790 3557 Led-Q
807 3509 932 3574 ,L'U-t)
950 3527 1021 3560 LU-

206 3631 381 3715 Vtriusque
405 3653 423 3695 e
446 3631 636 3698 Trinummo
661 3633 809 3718 exempla
832 3635 972 3698 afferam.
1019 3633 1063 3698 Et
1086 3635 1196 3718 prius
1221 3634 1349 3719 quidem

204 3759 322 3822 genus,
355 3739 389 3802 in
417 3761 480 3824 quo
509 3739 698 3823 plerumque
722 3739 846 3804 accedit
867 3742 943 3823 post
967 3739 1113 3822 quintam
1137 3741 1256 3805 thesim
1280 3761 1349 3804 cae·

205 3867 282 3910 sura
304 3845 434 3932 podica,
455 3847 558 3912 habes
582 3870 611 3912 v.
634 3847 710 3912 333.
733 3847 807 3912 364.
831 3847 905 3912 370.
930 3847 1003 3912 656.
1029 3848 1102 3912 845.
1128 3847 1228 3911 1023:

294 3986 392 4098 nihil
407 3989 554 4054 istorum.
578 3988 663 4066 Quid
682 3989 806 4074 igitur?
830 3989 892 4055 Per
911 3987 1097 4056 co'mitatem
1118 3987 1230 4072 edepdl
1248 3992 1349 4070 pater.

294 4111 342 4176 Ec
367 4135 431 4178 non
457 4115 569 4197 multa,
593 4119 675 4200 quae
695 4114 816 4199 neuolt,
839 4115 1001 4198 eueniunt,
1024 4113 1087 4178 nisi
1106 4113 1201 4176 lictor
1220 4111 1348 4178 malust.

296 4217 345 4281 Tu
369 4220 464 4285 modo
488 4242 528 4284 ne
552 4243 603 4284 me
627 4221 801 4304 prohibeas
825 4218 970 4306 accipere
994 4221 1021 4284 si
1045 4220 1121 4304 quid
1145 4219 1199 4284 det
1222 4219 1312 4283 mihi.

294 4317 341 4405 tlt
364 4365 432 4408 rem
455 4345 596 4427 patriam
619 4349 652 4408 et
675 4346 814 4428 gloriam
838 4346 996 4410 maiorum
1020 4341 1177 4408 foedarim
1201 4366 1316 4408 meum.

295 4430 444 4515 dducnio
468 4473 506 4514 ex
531 4448 689 4536 Seleucia,
714 4451 917 4536 Macedonia,
942 4451 1022 4515 Asia
1046 4454 1142 4535 atque
1165 4431 1297 4514 llrabia.

295 4552 440 4628 Quorum
462 4555 569 4621 hercle
593 4581 675 4623 unus
699 4558 863 4642 surpuerit
884 4558 1026 4621 currenti
1051 4555 1177 4623 cursori
1199 4557 1312 4622 solum.
