3306 5070
275 387 340 454 762
441 427 444 436 ·
765 406 921 454 suanno.

832 552 861 616 6.

272 691 504 778 Einleitung
527 715 571 760 uu
590 692 670 759 dem
689 692 914 779 Programm
930 689 1117 758 ‘Canticum
1132 691 1414 759 Menaechmorum

676 800 861 867 Plautinae’
884 801 1010 888 (1851).

362 941 577 1010 Coniunctam
600 944 679 1010 iuris
704 945 927 1012 consultorum
951 945 1260 1032 philologorumque
1282 967 1413 1030 operam

225 1106 228 1112 ,
272 1073 346 1115 oum
380 1052 463 1117 aliae
499 1076 614 1120 scenae
641 1053 812 1120 Plautinae
850 1055 1018 1137 postulant
1047 1054 1089 1120 ad
1117 1055 1207 1138 leges
1235 1057 1269 1118 et
1295 1052 1413 1119 indicia

273 1141 469 1242 spectantes,
501 1164 570 1226 tum
604 1161 813 1226 memorabile
842 1161 877 1226 in
899 1162 964 1227 ‘hoo
993 1183 1110 1248 genere
1138 1161 1298 1226 canticum
1328 1162 1414 1246 quod

272 1267 323 1329 est
350 1265 384 1330 in
407 1266 627 1332 Menaechmis
656 1271 716 1332 aet
740 1266 786 1332 IV
814 1288 857 1332 sc.
890 1268 919 1333 2.
967 1267 1059 1344 Quod
1087 1289 1159 1333 oum
1182 1289 1242 1332 nec
1264 1269 1414 1352 probabi-

270 1371 345 1436 liter
368 1373 531 1438 emendari
555 1374 623 1440 siue
648 1374 862 1457 explicatione
884 1375 991 1459 possit
1012 1397 1073 1440 neo
1096 1376 1165 1440 sine
1189 1376 1413 1441 emendatione

272 1479 354 1544 satis
378 1484 450 1546 tuto
474 1481 636 1567 explicari,
662 1486 770 1548 tamen
795 1483 835 1548 ab
861 1483 1026 1548 alterutra·
1039 1487 1130 1568 parte
1154 1505 1225 1551 esse
1248 1486 1412 1552 exordien-

272 1586 348 1652 dum
377 1592 522 1674 apparet.
567 1587 615 1655 Vt
642 1589 743 1674 igitur
765 1588 922 1672 habeant,
947 1591 1001 1656 ubi
1025 1613 1085 1656 nos
1109 1591 1296 1678 philologos
1320 1593 1413 1660 edoc-

270 1693 335 1758 turi
364 1694 476 1778 paullo
504 1695 718 1761 confidentius
748 1717 844 1780 quam
872 1696 906 1760 in
929 1697 1090 1763 tralaticia
1115 1699 1277 1782 scriptura
1299 1700 1414 1785 pedem

272 1802 377 1887 figant
396 1803 475 1868 iuria
495 1802 601 1888 periti,
623 1825 688 1868 non
708 1803 917 1869 reformidato
937 1803 1065 1869 errandi
1085 1806 1227 1890 periculo
1247 1807 1307 1873 hos
1325 1809 1413 1893 ipsos

271 1908 378 1974 visum
401 1911 452 1974 est
475 1908 584 1993 aliquo
608 1911 756 1995 exemplo
779 1911 901 1993 dooere,
924 1933 988 1996 qua
1010 1910 1078 1977 fers
1103 1913 1156 1978 via
1179 1936 1251 1980 oum
1275 1937 1292 1980 e
1315 1917 1414 2000 scrip-

270 2019 379 2080 torum
409 2015 566 2081 librorum
595 2019 751 2084 memoria
781 2022 851 2084 tum
879 2041 897 2083 e
926 2020 1078 2087 metricae
1102 2023 1308 2107 potissimum
1332 2024 1414 2089 artis

270 2121 453 2188 rationibus
473 2122 513 2188 ad
528 2123 688 2189 saniorem
703 2123 841 2191 formam
857 2125 1001 2192 Plautini
1020 2150 1131 2193 versus
1150 2151 1220 2194 esse
1239 2130 1412 2196 reuocandi

270 2228 447 2295 rideantur.
493 2229 644 2296 Facimus
668 2232 832 2296 autemid
857 2233 917 2316 ita,
948 2237 985 2300 ut
1007 2238 1119 2300 nostra
1142 2237 1330 2302 coniectura
1352 2259 1413 2322 pro

215 2363 219 2371 ·
270 2339 356 2404 virili
386 2343 479 2424 parte
507 2339 689 2405 instaurato
719 2337 921 2406 Menaechmi
950 2341 1091 2407 sermoni
1119 2364 1231 2408 eorum
1258 2342 1414 2428 codicum,

270 2468 287 2510 e
311 2467 447 2530 quorum
471 2446 533 2511 lide
557 2445 738 2511 emendatio
764 2445 872 2511 Plauti
896 2449 1002 2513 omnis
1025 2449 1152 2534 pendet,
1176 2448 1413 2536 discrepantias

269 2553 338 2620 sius
362 2575 550 2621 caussarum
574 2553 776 2638 expositione
800 2553 1006 2622 subiciamus.

829 2843 858 2908 7.

312 2982 489 3050 Vorwort
512 3009 554 3050 zu
578 2984 661 3051 dem
684 2985 1121 3088 Programmeanticum
1144 2985 1367 3052 Mostellariae

673 3092 859 3159 Plautinae’
883 3091 1010 3182 (1851).

358 3236 561 3304 Varietatem
591 3234 752 3302 delectare
781 3237 842 3302 etsi
871 3258 938 3302 non
966 3237 1075 3321 inepte
1105 3235 1269 3318 dictitant,
1301 3237 1412 3300 tamen

269 3366 329 3409 noe
351 3365 431 3410 oum
458 3342 544 3410 idem
573 3362 689 3428 genus,
717 3364 822 3427 equo
850 3343 1071 3428 procamiandi
1095 3345 1322 3427 argumentum
1345 3341 1412 3406 ism

271 3450 466 3535 aliquotiens
497 3449 664 3534 petiimus,
696 3471 781 3515 nunc
804 3449 991 3534 recolimus,
1023 3449 1076 3515 vix
1100 3452 1151 3515 est
1174 3448 1348 3514 verendum
1370 3469 1412 3513 ne

272 3558 365 3624 vobis
388 3556 556 3622 festidium
579 3555 687 3640 potius
716 3560 749 3620 et
772 3556 955 3621 satietatem
980 3577 1078 3640 quam
1102 3557 1245 3641 aliquam
1269 3554 1412 3622 iucundi-

268 3667 369 3729 tatem
393 3663 576 3729 afferamus.
617 3662 743 3747 Quippe
767 3663 795 3727 is
820 3663 960 3746 scriptor
984 3666 1035 3728 est
1056 3662 1202 3746 Plautus,
1225 3661 1315 3728 cuius
1339 3683 1412 3726 cum

269 3771 416 3857 ingenita
439 3793 491 3835 ars
515 3774 548 3835 et
571 3769 674 3834 virtus
693 3768 851 3836 nouitatis
871 3769 1012 3854 gratiam
1030 3773 1201 3854 perpetuet
1218 3769 1413 3853 legentibus,

269 3883 338 3944 tum
363 3881 545 3962 temporum
569 3875 742 3960 iniquitate
765 3875 881 3941 effecta
903 3876 1078 3942 difficultas
1101 3879 1199 3960 atque
1224 3874 1411 3959 depravatio

268 3986 493 4052 inexhaustam
535 3983 712 4069 quaerendi
752 3983 983 4067 exercendique
1024 3982 1195 4048 materiam
1237 3981 1411 4067 philologis

268 4091 432 4179 praebeat
482 4091 596 4176 ltaque
624 4091 755 4156 illorum
783 4088 962 4155 commodis
990 4111 1029 4154 eo
1058 4088 1292 4170 consuluimus,
1325 4088 1411 4174 quod

269 4200 399 4266 fabulae
429 4199 564 4265 alicuius
596 4198 738 4283 aliquam
769 4219 900 4262 socnam
929 4193 1096 4281 (potuerat
1130 4196 1216 4261 enim
1248 4195 1414 4280 quaelibet

272 4306 338 4372 alia
361 4303 474 4392 deligi)
498 4305 547 4369 ita
568 4307 800 4389 perpurgatam
825 4303 1028 4388 pristinoque
1051 4303 1150 4368 nitori
1169 4323 1228 4366 suo
1246 4321 1305 4384 pro
1325 4299 1412 4364 virili

270 4417 361 4498 parte
384 4411 570 4477 restitutam
594 4410 832 4496 proposuimus,
854 4413 892 4474 ut
910 4413 1035 4496 etcum
1053 4408 1179 4475 minore
1197 4429 1295 4493 quam
1315 4408 1411 4470 antea

270 4519 443 4582 offensione
466 4521 499 4581 et
518 4520 555 4582 ut
574 4537 740 4600 speramus
760 4537 833 4581 oum
853 4514 962 4598 aliqua
980 4515 1148 4599 voluptate
1166 4512 1231 4599 legi
1250 4507 1410 4596 intellegi-
