<?xml version="1.0" encoding="UTF-8"?>
<!DOCTYPE html PUBLIC "-//W3C//DTD XHTML 1.0 Transitional//EN"
    "http://www.w3.org/TR/xhtml1/DTD/xhtml1-transitional.dtd">
<html xmlns="http://www.w3.org/1999/xhtml" xml:lang="en" lang="en">
 <head>
  <title>
</title>
<meta http-equiv="Content-Type" content="text/html;charset=utf-8" />
  <meta name='ocr-system' content='tesseract 3.04.00' />
  <meta name='ocr-capabilities' content='ocr_page ocr_carea ocr_par ocr_line ocrx_word'/>
</head>
<body>
  <div class='ocr_page' id='page_1' title='image "./fridericiritsch07wachgoog_0676.png"; bbox 0 0 3302 5076; ppageno 0'>
   <div class='ocr_carea' id='block_1_1' title="bbox 577 419 1397 485">
    <p class='ocr_par' dir='ltr' id='par_1_1' title="bbox 577 419 1397 485">
     <span class='ocr_line' id='line_1_1' title="bbox 577 419 1397 485; baseline -0.001 -2"><span class='ocrx_word' id='word_1_1' title='bbox 577 435 813 485; x_wconf 77' lang='lat' dir='ltr'>naumurscus</span> <span class='ocrx_word' id='word_1_2' title='bbox 836 436 964 484; x_wconf 81' lang='lat' dir='ltr'>anons.</span> <span class='ocrx_word' id='word_1_3' title='bbox 1275 419 1340 482; x_wconf 78' lang='lat'>659</span> <span class='ocrx_word' id='word_1_4' title='bbox 1394 441 1397 446; x_wconf 94' lang='lat'>·</span> 
     </span>
    </p>
   </div>
   <div class='ocr_carea' id='block_1_2' title="bbox 190 577 1412 4400">
    <p class='ocr_par' dir='ltr' id='par_1_2' title="bbox 190 577 1412 4400">
     <span class='ocr_line' id='line_1_2' title="bbox 195 577 1341 664; baseline -0.003 -19"><span class='ocrx_word' id='word_1_5' title='bbox 195 601 307 646; x_wconf 85' lang='lat' dir='ltr'>cursus</span> <span class='ocrx_word' id='word_1_6' title='bbox 330 578 414 644; x_wconf 85' lang='lat' dir='ltr'>tanti</span> <span class='ocrx_word' id='word_1_7' title='bbox 435 577 497 642; x_wconf 85' lang='lat' dir='ltr'>viri</span> <span class='ocrx_word' id='word_1_8' title='bbox 517 599 536 644; x_wconf 88' lang='lat' dir='ltr'>a</span> <span class='ocrx_word' id='word_1_9' title='bbox 556 601 717 664; x_wconf 86' lang='lat' dir='ltr'>quoquam</span> <span class='ocrx_word' id='word_1_10' title='bbox 738 579 813 644; x_wconf 92' lang='lat' dir='ltr'>dum</span> <span class='ocrx_word' id='word_1_11' title='bbox 833 579 928 664; x_wconf 85' lang='lat' dir='ltr'>plene</span> <span class='ocrx_word' id='word_1_12' title='bbox 947 579 1146 663; x_wconf 88' lang='lat' dir='ltr'>perscriptus</span> <span class='ocrx_word' id='word_1_13' title='bbox 1166 578 1218 656; x_wconf 85' lang='lat' dir='ltr'>sit,</span> <span class='ocrx_word' id='word_1_14' title='bbox 1244 581 1341 662; x_wconf 88' lang='lat' dir='ltr'>atque</span> 
     </span>
     <span class='ocr_line' id='line_1_3' title="bbox 195 683 1340 770; baseline -0.003 -19"><span class='ocrx_word' id='word_1_15' title='bbox 195 687 273 752; x_wconf 93' lang='lat' dir='ltr'>olim</span> <span class='ocrx_word' id='word_1_16' title='bbox 297 687 425 751; x_wconf 90' lang='lat' dir='ltr'>demum</span> <span class='ocrx_word' id='word_1_17' title='bbox 448 707 514 752; x_wconf 90' lang='lat' dir='ltr'>non</span> <span class='ocrx_word' id='word_1_18' title='bbox 538 687 607 752; x_wconf 86' lang='lat' dir='ltr'>sine</span> <span class='ocrx_word' id='word_1_19' title='bbox 636 687 807 752; x_wconf 86' lang='lat' dir='ltr'>miratione</span> <span class='ocrx_word' id='word_1_20' title='bbox 835 687 956 770; x_wconf 89' lang='lat' dir='ltr'>patria,</span> <span class='ocrx_word' id='word_1_21' title='bbox 983 707 1065 770; x_wconf 88' lang='lat' dir='ltr'>quae</span> <span class='ocrx_word' id='word_1_22' title='bbox 1094 690 1127 751; x_wconf 90' lang='lat' dir='ltr'>et</span> <span class='ocrx_word' id='word_1_23' title='bbox 1156 684 1265 769; x_wconf 86' lang='lat' dir='ltr'>qualis</span> <span class='ocrx_word' id='word_1_24' title='bbox 1292 683 1340 748; x_wconf 89' lang='lat' dir='ltr'>illi</span> 
     </span>
     <span class='ocr_line' id='line_1_4' title="bbox 194 793 1340 878; baseline -0.001 -21"><span class='ocrx_word' id='word_1_25' title='bbox 194 793 321 876; x_wconf 87' lang='lat' dir='ltr'>debeat,</span> <span class='ocrx_word' id='word_1_26' title='bbox 344 793 389 858; x_wconf 88' lang='lat' dir='ltr'>sit</span> <span class='ocrx_word' id='word_1_27' title='bbox 412 794 588 878; x_wconf 71' lang='lat' dir='ltr'>cognitura.</span> <span class='ocrx_word' id='word_1_28' title='bbox 631 793 658 860; x_wconf 87' lang='grc' dir='ltr'>Ε</span> <span class='ocrx_word' id='word_1_29' title='bbox 684 794 800 878; x_wconf 86' lang='lat' dir='ltr'>quibus</span> <span class='ocrx_word' id='word_1_30' title='bbox 824 793 974 859; x_wconf 91' lang='lat' dir='ltr'>omnibus</span> <span class='ocrx_word' id='word_1_31' title='bbox 997 793 1059 859; x_wconf 94' lang='lat' dir='ltr'>boc</span> <span class='ocrx_word' id='word_1_32' title='bbox 1082 813 1153 858; x_wconf 88' lang='lat' dir='ltr'>esse</span> <span class='ocrx_word' id='word_1_33' title='bbox 1176 795 1340 856; x_wconf 87' lang='lat' dir='ltr'>consecta-</span> 
     </span>
     <span class='ocr_line' id='line_1_5' title="bbox 195 899 1340 985; baseline -0.002 -21"><span class='ocrx_word' id='word_1_34' title='bbox 195 901 279 964; x_wconf 84' lang='lat' dir='ltr'><strong>rium</strong></span> <span class='ocrx_word' id='word_1_35' title='bbox 312 899 473 983; x_wconf 85' lang='lat' dir='ltr'>volumns,</span> <span class='ocrx_word' id='word_1_36' title='bbox 509 902 547 965; x_wconf 88' lang='lat' dir='ltr'>nt</span> <span class='ocrx_word' id='word_1_37' title='bbox 576 922 662 966; x_wconf 90' lang='lat' dir='ltr'>nunc</span> <span class='ocrx_word' id='word_1_38' title='bbox 695 901 816 966; x_wconf 88' lang='lat' dir='ltr'>omissa</span> <span class='ocrx_word' id='word_1_39' title='bbox 847 900 980 985; x_wconf 90' lang='lat' dir='ltr'>publica</span> <span class='ocrx_word' id='word_1_40' title='bbox 1011 899 1081 966; x_wconf 82' lang='lat' dir='ltr'>vita</span> <span class='ocrx_word' id='word_1_41' title='bbox 1112 900 1146 964; x_wconf 92' lang='lat' dir='ltr'>in</span> <span class='ocrx_word' id='word_1_42' title='bbox 1178 921 1216 963; x_wconf 91' lang='lat' dir='ltr'>ea</span> <span class='ocrx_word' id='word_1_43' title='bbox 1248 900 1340 982; x_wconf 87' lang='lat' dir='ltr'>parte</span> 
     </span>
     <span class='ocr_line' id='line_1_6' title="bbox 194 1004 1341 1091; baseline -0.001 -22"><span class='ocrx_word' id='word_1_44' title='bbox 194 1004 470 1072; x_wconf 89' lang='lat' dir='ltr'>Humboldtisnae</span> <span class='ocrx_word' id='word_1_45' title='bbox 499 1007 629 1072; x_wconf 83' lang='lat' dir='ltr'>virtutis</span> <span class='ocrx_word' id='word_1_46' title='bbox 658 1007 923 1073; x_wconf 88' lang='lat' dir='ltr'>commorandum</span> <span class='ocrx_word' id='word_1_47' title='bbox 943 1029 1021 1072; x_wconf 82' lang='lat' dir='ltr'>esse</span> <span class='ocrx_word' id='word_1_48' title='bbox 1053 1005 1270 1091; x_wconf 89' lang='lat' dir='ltr'>intellegatis,</span> <span class='ocrx_word' id='word_1_49' title='bbox 1301 1006 1341 1069; x_wconf 91' lang='lat' dir='ltr'>de</span> 
     </span>
     <span class='ocr_line' id='line_1_7' title="bbox 194 1111 1340 1200; baseline -0.001 -24"><span class='ocrx_word' id='word_1_50' title='bbox 194 1134 258 1197; x_wconf 88' lang='lat' dir='ltr'>qna</span> <span class='ocrx_word' id='word_1_51' title='bbox 272 1112 369 1198; x_wconf 92' lang='lat' dir='ltr'>longe</span> <span class='ocrx_word' id='word_1_52' title='bbox 383 1113 641 1198; x_wconf 87' lang='lat' dir='ltr'>locupletissima</span> <span class='ocrx_word' id='word_1_53' title='bbox 659 1114 850 1180; x_wconf 84' lang='lat' dir='ltr'>testimonia</span> <span class='ocrx_word' id='word_1_54' title='bbox 869 1115 938 1198; x_wconf 89' lang='lat' dir='ltr'>ipse</span> <span class='ocrx_word' id='word_1_55' title='bbox 953 1113 1146 1200; x_wconf 69' lang='lat' dir='ltr'><strong>prodiderit:</strong></span> <span class='ocrx_word' id='word_1_56' title='bbox 1170 1134 1252 1198; x_wconf 87' lang='lat' dir='ltr'>qnae</span> <span class='ocrx_word' id='word_1_57' title='bbox 1271 1111 1340 1195; x_wconf 86' lang='lat' dir='ltr'>qui-</span> 
     </span>
     <span class='ocr_line' id='line_1_8' title="bbox 193 1218 1340 1307; baseline -0.002 -23"><span class='ocrx_word' id='word_1_58' title='bbox 193 1219 265 1284; x_wconf 89' lang='lat' dir='ltr'>dem</span> <span class='ocrx_word' id='word_1_59' title='bbox 290 1220 409 1286; x_wconf 91' lang='lat' dir='ltr'>artium</span> <span class='ocrx_word' id='word_1_60' title='bbox 432 1219 678 1307; x_wconf 72' lang='lat' dir='ltr'>litterarumque</span> <span class='ocrx_word' id='word_1_61' title='bbox 703 1221 818 1288; x_wconf 90' lang='lat' dir='ltr'>studiis</span> <span class='ocrx_word' id='word_1_62' title='bbox 841 1220 1132 1306; x_wconf 78' lang='lat' dir='ltr'>comprehenditur.</span> <span class='ocrx_word' id='word_1_63' title='bbox 1173 1218 1206 1284; x_wconf 94' lang='lat' dir='ltr'>Is</span> <span class='ocrx_word' id='word_1_64' title='bbox 1231 1220 1340 1284; x_wconf 88' lang='lat' dir='ltr'>autem</span> 
     </span>
     <span class='ocr_line' id='line_1_9' title="bbox 193 1313 1339 1414; baseline -0.003 -24"><span class='ocrx_word' id='word_1_65' title='bbox 193 1327 284 1391; x_wconf 90' lang='lat' dir='ltr'>loeus</span> <span class='ocrx_word' id='word_1_66' title='bbox 303 1349 375 1393; x_wconf 89' lang='lat' dir='ltr'>cum</span> <span class='ocrx_word' id='word_1_67' title='bbox 395 1331 428 1391; x_wconf 90' lang='lat' dir='ltr'>et</span> <span class='ocrx_word' id='word_1_68' title='bbox 445 1327 580 1413; x_wconf 87' lang='lat' dir='ltr'>propius</span> <span class='ocrx_word' id='word_1_69' title='bbox 599 1349 696 1414; x_wconf 90' lang='lat' dir='ltr'>quam</span> <span class='ocrx_word' id='word_1_70' title='bbox 720 1328 819 1393; x_wconf 89' lang='lat' dir='ltr'>ceteri</span> <span class='ocrx_word' id='word_1_71' title='bbox 841 1349 954 1393; x_wconf 88' lang='lat' dir='ltr'>omnes</span> <span class='ocrx_word' id='word_1_72' title='bbox 978 1313 1018 1392; x_wconf 72' lang='lat' dir='ltr'>ad</span> <span class='ocrx_word' id='word_1_73' title='bbox 1040 1327 1171 1392; x_wconf 86' lang='lat' dir='ltr'>nostras</span> <span class='ocrx_word' id='word_1_74' title='bbox 1194 1326 1339 1408; x_wconf 90' lang='lat' dir='ltr'>ipsorum</span> 
     </span>
     <span class='ocr_line' id='line_1_10' title="bbox 194 1431 1340 1521; baseline 0 -24"><span class='ocrx_word' id='word_1_75' title='bbox 194 1433 339 1499; x_wconf 87' lang='lat' dir='ltr'>rationes</span> <span class='ocrx_word' id='word_1_76' title='bbox 364 1436 497 1500; x_wconf 88' lang='lat' dir='ltr'>accedat</span> <span class='ocrx_word' id='word_1_77' title='bbox 523 1457 583 1501; x_wconf 92' lang='lat' dir='ltr'>nec</span> <span class='ocrx_word' id='word_1_78' title='bbox 607 1457 758 1521; x_wconf 86' lang='lat' dir='ltr'>superare</span> <span class='ocrx_word' id='word_1_79' title='bbox 782 1457 889 1501; x_wconf 89' lang='lat' dir='ltr'>meum</span> <span class='ocrx_word' id='word_1_80' title='bbox 913 1433 1052 1500; x_wconf 88' lang='lat' dir='ltr'>oratoris</span> <span class='ocrx_word' id='word_1_81' title='bbox 1076 1435 1209 1516; x_wconf 89' lang='lat' dir='ltr'>captum</span> <span class='ocrx_word' id='word_1_82' title='bbox 1232 1431 1340 1497; x_wconf 83' lang='lat' dir='ltr'>videa·</span> 
     </span>
     <span class='ocr_line' id='line_1_11' title="bbox 192 1539 1340 1628; baseline 0 -24"><span class='ocrx_word' id='word_1_83' title='bbox 192 1545 258 1623; x_wconf 90' lang='lat' dir='ltr'>tur,</span> <span class='ocrx_word' id='word_1_84' title='bbox 287 1543 357 1604; x_wconf 89' lang='lat' dir='ltr'>tum</span> <span class='ocrx_word' id='word_1_85' title='bbox 380 1540 429 1605; x_wconf 91' lang='lat' dir='ltr'>ita</span> <span class='ocrx_word' id='word_1_86' title='bbox 458 1545 663 1626; x_wconf 86' lang='lat' dir='ltr'>comparatus</span> <span class='ocrx_word' id='word_1_87' title='bbox 691 1546 754 1627; x_wconf 89' lang='lat' dir='ltr'>est,</span> <span class='ocrx_word' id='word_1_88' title='bbox 782 1545 819 1607; x_wconf 90' lang='lat' dir='ltr'>ut</span> <span class='ocrx_word' id='word_1_89' title='bbox 845 1565 904 1608; x_wconf 92' lang='lat' dir='ltr'>nec</span> <span class='ocrx_word' id='word_1_90' title='bbox 927 1563 986 1628; x_wconf 87' lang='lat' dir='ltr'>per</span> <span class='ocrx_word' id='word_1_91' title='bbox 1009 1562 1043 1606; x_wconf 88' lang='lat' dir='ltr'>se</span> <span class='ocrx_word' id='word_1_92' title='bbox 1067 1563 1087 1606; x_wconf 90' lang='lat' dir='ltr'>a</span> <span class='ocrx_word' id='word_1_93' title='bbox 1108 1539 1242 1624; x_wconf 87' lang='lat' dir='ltr'>reliquis</span> <span class='ocrx_word' id='word_1_94' title='bbox 1266 1560 1340 1622; x_wconf 87' lang='lat' dir='ltr'>par-</span> 
     </span>
     <span class='ocr_line' id='line_1_12' title="bbox 192 1645 1341 1734; baseline -0.003 -22"><span class='ocrx_word' id='word_1_95' title='bbox 192 1647 281 1712; x_wconf 90' lang='lat' dir='ltr'>tibus</span> <span class='ocrx_word' id='word_1_96' title='bbox 308 1647 458 1731; x_wconf 88' lang='lat' dir='ltr'>publicae</span> <span class='ocrx_word' id='word_1_97' title='bbox 485 1649 694 1734; x_wconf 86' lang='lat' dir='ltr'>privataeque</span> <span class='ocrx_word' id='word_1_98' title='bbox 721 1649 890 1717; x_wconf 88' lang='lat' dir='ltr'>bominum</span> <span class='ocrx_word' id='word_1_99' title='bbox 919 1650 1006 1714; x_wconf 87' lang='lat' dir='ltr'>vitae</span> <span class='ocrx_word' id='word_1_100' title='bbox 1034 1646 1199 1713; x_wconf 89' lang='lat' dir='ltr'>seiunctus</span> <span class='ocrx_word' id='word_1_101' title='bbox 1223 1645 1280 1730; x_wconf 91' lang='lat' dir='ltr'>sit,</span> <span class='ocrx_word' id='word_1_102' title='bbox 1308 1649 1341 1710; x_wconf 88' lang='lat' dir='ltr'>et</span> 
     </span>
     <span class='ocr_line' id='line_1_13' title="bbox 192 1751 1339 1843; baseline -0.003 -24"><span class='ocrx_word' id='word_1_103' title='bbox 192 1776 268 1820; x_wconf 85' lang='lat' dir='ltr'>vero</span> <span class='ocrx_word' id='word_1_104' title='bbox 296 1754 331 1819; x_wconf 93' lang='lat' dir='ltr'>in</span> <span class='ocrx_word' id='word_1_105' title='bbox 357 1757 470 1820; x_wconf 68' lang='lat' dir='ltr'>tantm</span> <span class='ocrx_word' id='word_1_106' title='bbox 500 1757 734 1843; x_wconf 78' lang='lat' dir='ltr'>magnitudinis</span> <span class='ocrx_word' id='word_1_107' title='bbox 762 1759 831 1822; x_wconf 85' lang='lat' dir='ltr'>viro</span> <span class='ocrx_word' id='word_1_108' title='bbox 860 1755 1022 1822; x_wconf 88' lang='lat' dir='ltr'>cumillis</span> <span class='ocrx_word' id='word_1_109' title='bbox 1046 1755 1144 1839; x_wconf 89' lang='lat' dir='ltr'>longe</span> <span class='ocrx_word' id='word_1_110' title='bbox 1168 1751 1339 1836; x_wconf 88' lang='lat' dir='ltr'>aptissimo</span> 
     </span>
     <span class='ocr_line' id='line_1_14' title="bbox 193 1858 1340 1943; baseline -0.004 -17"><span class='ocrx_word' id='word_1_111' title='bbox 193 1861 438 1928; x_wconf 77' lang='lat' dir='ltr'>necessitudinis</span> <span class='ocrx_word' id='word_1_112' title='bbox 466 1861 594 1929; x_wconf 82' lang='lat' dir='ltr'>vinculo</span> <span class='ocrx_word' id='word_1_113' title='bbox 623 1865 838 1930; x_wconf 89' lang='lat' dir='ltr'>contineatur.</span> <span class='ocrx_word' id='word_1_114' title='bbox 887 1861 965 1927; x_wconf 82' lang='lat' dir='ltr'>Fuit</span> <span class='ocrx_word' id='word_1_115' title='bbox 992 1861 1077 1926; x_wconf 89' lang='lat' dir='ltr'>enim</span> <span class='ocrx_word' id='word_1_116' title='bbox 1105 1860 1172 1938; x_wconf 88' lang='lat' dir='ltr'>ille,</span> <span class='ocrx_word' id='word_1_117' title='bbox 1205 1860 1232 1923; x_wconf 90' lang='lat' dir='ltr'>si</span> <span class='ocrx_word' id='word_1_118' title='bbox 1267 1858 1340 1943; x_wconf 87' lang='lat' dir='ltr'>quis</span> 
     </span>
     <span class='ocr_line' id='line_1_15' title="bbox 193 1963 1339 2056; baseline -0.003 -24"><span class='ocrx_word' id='word_1_119' title='bbox 193 1969 291 2048; x_wconf 89' lang='lat' dir='ltr'>alius,</span> <span class='ocrx_word' id='word_1_120' title='bbox 319 1991 358 2032; x_wconf 84' lang='lat' dir='ltr'>ex</span> <span class='ocrx_word' id='word_1_121' title='bbox 386 1968 426 2032; x_wconf 89' lang='lat' dir='ltr'>iis</span> <span class='ocrx_word' id='word_1_122' title='bbox 456 1969 664 2053; x_wconf 78' lang='lat' dir='ltr'>mortalibus,</span> <span class='ocrx_word' id='word_1_123' title='bbox 693 1991 829 2056; x_wconf 91' lang='lat' dir='ltr'>quorum</span> <span class='ocrx_word' id='word_1_124' title='bbox 857 1967 981 2033; x_wconf 89' lang='lat' dir='ltr'>indoles</span> <span class='ocrx_word' id='word_1_125' title='bbox 1010 1987 1074 2030; x_wconf 90' lang='lat' dir='ltr'>non</span> <span class='ocrx_word' id='word_1_126' title='bbox 1103 1988 1142 2030; x_wconf 80' lang='lat' dir='ltr'>ex</span> <span class='ocrx_word' id='word_1_127' title='bbox 1170 1963 1339 2028; x_wconf 88' lang='lat' dir='ltr'>elementis</span> 
     </span>
     <span class='ocr_line' id='line_1_16' title="bbox 195 2073 1340 2161; baseline -0.004 -21"><span class='ocrx_word' id='word_1_128' title='bbox 195 2075 389 2160; x_wconf 88' lang='lat' dir='ltr'>quibusdam</span> <span class='ocrx_word' id='word_1_129' title='bbox 412 2078 579 2159; x_wconf 88' lang='lat' dir='ltr'>tamquam</span> <span class='ocrx_word' id='word_1_130' title='bbox 598 2097 695 2161; x_wconf 89' lang='lat' dir='ltr'>opere</span> <span class='ocrx_word' id='word_1_131' title='bbox 714 2075 923 2142; x_wconf 82' lang='lat' dir='ltr'>vermiculato</span> <span class='ocrx_word' id='word_1_132' title='bbox 942 2073 1126 2159; x_wconf 88' lang='lat' dir='ltr'>composita</span> <span class='ocrx_word' id='word_1_133' title='bbox 1144 2074 1195 2136; x_wconf 87' lang='lat' dir='ltr'>est</span> <span class='ocrx_word' id='word_1_134' title='bbox 1214 2074 1248 2136; x_wconf 90' lang='lat' dir='ltr'>et</span> <span class='ocrx_word' id='word_1_135' title='bbox 1266 2092 1340 2136; x_wconf 92' lang='lat' dir='ltr'>con·</span> 
     </span>
     <span class='ocr_line' id='line_1_17' title="bbox 192 2177 1340 2264; baseline -0.003 -20"><span class='ocrx_word' id='word_1_136' title='bbox 192 2181 367 2264; x_wconf 84' lang='lat' dir='ltr'>glutinata,</span> <span class='ocrx_word' id='word_1_137' title='bbox 395 2180 451 2244; x_wconf 92' lang='lat' dir='ltr'>sed</span> <span class='ocrx_word' id='word_1_138' title='bbox 479 2203 517 2246; x_wconf 89' lang='lat' dir='ltr'>es</span> <span class='ocrx_word' id='word_1_139' title='bbox 545 2182 720 2248; x_wconf 85' lang='lat' dir='ltr'>indisereta</span> <span class='ocrx_word' id='word_1_140' title='bbox 747 2182 873 2247; x_wconf 91' lang='lat' dir='ltr'>babens</span> <span class='ocrx_word' id='word_1_141' title='bbox 901 2182 935 2247; x_wconf 91' lang='lat' dir='ltr'>in</span> <span class='ocrx_word' id='word_1_142' title='bbox 965 2179 1122 2264; x_wconf 89' lang='lat' dir='ltr'>simplicis</span> <span class='ocrx_word' id='word_1_143' title='bbox 1153 2177 1340 2261; x_wconf 87' lang='lat' dir='ltr'>solidaeque</span> 
     </span>
     <span class='ocr_line' id='line_1_18' title="bbox 192 2284 1340 2372; baseline -0.002 -22"><span class='ocrx_word' id='word_1_144' title='bbox 192 2291 328 2351; x_wconf 87' lang='lat' dir='ltr'>naturae</span> <span class='ocrx_word' id='word_1_145' title='bbox 352 2288 492 2372; x_wconf 88' lang='lat' dir='ltr'>speciem</span> <span class='ocrx_word' id='word_1_146' title='bbox 515 2290 688 2354; x_wconf 84' lang='lat' dir='ltr'>concrevit.</span> <span class='ocrx_word' id='word_1_147' title='bbox 734 2289 805 2366; x_wconf 78' lang='lat' dir='ltr'>Quo</span> <span class='ocrx_word' id='word_1_148' title='bbox 833 2289 970 2372; x_wconf 87' lang='lat' dir='ltr'>accedit,</span> <span class='ocrx_word' id='word_1_149' title='bbox 998 2287 1084 2372; x_wconf 90' lang='lat' dir='ltr'>quod</span> <span class='ocrx_word' id='word_1_150' title='bbox 1111 2284 1247 2351; x_wconf 85' lang='lat' dir='ltr'>eandem</span> <span class='ocrx_word' id='word_1_151' title='bbox 1275 2284 1340 2370; x_wconf 89' lang='lat' dir='ltr'>ille,</span> 
     </span>
     <span class='ocr_line' id='line_1_19' title="bbox 193 2391 1339 2481; baseline -0.001 -25"><span class='ocrx_word' id='word_1_152' title='bbox 193 2413 290 2476; x_wconf 88' lang='lat' dir='ltr'>qnam</span> <span class='ocrx_word' id='word_1_153' title='bbox 322 2393 356 2456; x_wconf 92' lang='lat' dir='ltr'>in</span> <span class='ocrx_word' id='word_1_154' title='bbox 388 2391 528 2460; x_wconf 84' lang='lat' dir='ltr'>Goethio</span> <span class='ocrx_word' id='word_1_155' title='bbox 563 2399 675 2461; x_wconf 89' lang='lat' dir='ltr'>nostro</span> <span class='ocrx_word' id='word_1_156' title='bbox 710 2396 923 2481; x_wconf 88' lang='lat' dir='ltr'>admiramur,</span> <span class='ocrx_word' id='word_1_157' title='bbox 959 2396 1045 2459; x_wconf 84' lang='lat' dir='ltr'>vitae</span> <span class='ocrx_word' id='word_1_158' title='bbox 1077 2393 1237 2458; x_wconf 89' lang='lat' dir='ltr'>rationem</span> <span class='ocrx_word' id='word_1_159' title='bbox 1272 2396 1339 2456; x_wconf 89' lang='lat' dir='ltr'>stn-</span> 
     </span>
     <span class='ocr_line' id='line_1_20' title="bbox 193 2491 1340 2586; baseline 0 -24"><span class='ocrx_word' id='word_1_160' title='bbox 193 2491 383 2584; x_wconf 85' lang='lat' dir='ltr'>dierumque</span> <span class='ocrx_word' id='word_1_161' title='bbox 413 2501 583 2566; x_wconf 91' lang='lat' dir='ltr'>consilium</span> <span class='ocrx_word' id='word_1_162' title='bbox 619 2506 746 2568; x_wconf 89' lang='lat' dir='ltr'>secutus</span> <span class='ocrx_word' id='word_1_163' title='bbox 777 2526 797 2568; x_wconf 89' lang='lat' dir='ltr'>a</span> <span class='ocrx_word' id='word_1_164' title='bbox 827 2506 931 2568; x_wconf 89' lang='lat' dir='ltr'>semet</span> <span class='ocrx_word' id='word_1_165' title='bbox 960 2500 1125 2586; x_wconf 88' lang='lat' dir='ltr'>fingendo,</span> <span class='ocrx_word' id='word_1_166' title='bbox 1157 2496 1340 2582; x_wconf 88' lang='lat' dir='ltr'>excolendo,</span> 
     </span>
     <span class='ocr_line' id='line_1_21' title="bbox 191 2603 1339 2693; baseline -0.001 -25"><span class='ocrx_word' id='word_1_167' title='bbox 191 2604 401 2689; x_wconf 89' lang='lat' dir='ltr'>perpoliendo</span> <span class='ocrx_word' id='word_1_168' title='bbox 421 2629 679 2693; x_wconf 87' lang='lat' dir='ltr'>unumquemque</span> <span class='ocrx_word' id='word_1_169' title='bbox 699 2609 815 2674; x_wconf 90' lang='lat' dir='ltr'>debere</span> <span class='ocrx_word' id='word_1_170' title='bbox 835 2607 921 2673; x_wconf 83' lang='lat' dir='ltr'>vitae</span> <span class='ocrx_word' id='word_1_171' title='bbox 940 2605 1191 2672; x_wconf 87' lang='lat' dir='ltr'>conformandae</span> <span class='ocrx_word' id='word_1_172' title='bbox 1209 2603 1339 2670; x_wconf 89' lang='lat' dir='ltr'>initium</span> 
     </span>
     <span class='ocr_line' id='line_1_22' title="bbox 192 2711 1339 2800; baseline 0 -26"><span class='ocrx_word' id='word_1_173' title='bbox 192 2731 307 2795; x_wconf 85' lang='lat' dir='ltr'>capere</span> <span class='ocrx_word' id='word_1_174' title='bbox 335 2712 398 2778; x_wconf 89' lang='lat' dir='ltr'>sibi</span> <span class='ocrx_word' id='word_1_175' title='bbox 425 2717 643 2800; x_wconf 85' lang='lat' dir='ltr'>persuaserat,</span> <span class='ocrx_word' id='word_1_176' title='bbox 672 2736 807 2800; x_wconf 88' lang='lat' dir='ltr'>eumque</span> <span class='ocrx_word' id='word_1_177' title='bbox 835 2717 942 2800; x_wconf 89' lang='lat' dir='ltr'>ipsum</span> <span class='ocrx_word' id='word_1_178' title='bbox 970 2713 1068 2778; x_wconf 86' lang='lat' dir='ltr'>finem</span> <span class='ocrx_word' id='word_1_179' title='bbox 1097 2733 1168 2776; x_wconf 86' lang='lat' dir='ltr'>esse</span> <span class='ocrx_word' id='word_1_180' title='bbox 1190 2711 1339 2795; x_wconf 90' lang='lat' dir='ltr'>proposi·</span> 
     </span>
     <span class='ocr_line' id='line_1_23' title="bbox 191 2818 1338 2907; baseline 0 -26"><span class='ocrx_word' id='word_1_181' title='bbox 191 2821 261 2882; x_wconf 90' lang='lat' dir='ltr'>tum</span> <span class='ocrx_word' id='word_1_182' title='bbox 285 2818 423 2904; x_wconf 89' lang='lat' dir='ltr'>singulis</span> <span class='ocrx_word' id='word_1_183' title='bbox 446 2820 639 2886; x_wconf 83' lang='lat' dir='ltr'>mortalibus</span> <span class='ocrx_word' id='word_1_184' title='bbox 664 2823 840 2888; x_wconf 71' lang='lat' dir='ltr'>stamsbat:</span> <span class='ocrx_word' id='word_1_185' title='bbox 864 2821 984 2907; x_wconf 90' lang='lat' dir='ltr'>qnippe</span> <span class='ocrx_word' id='word_1_186' title='bbox 1008 2821 1084 2885; x_wconf 88' lang='lat' dir='ltr'>binc</span> <span class='ocrx_word' id='word_1_187' title='bbox 1101 2819 1247 2882; x_wconf 88' lang='lat' dir='ltr'>futurum</span> <span class='ocrx_word' id='word_1_188' title='bbox 1267 2839 1338 2882; x_wconf 89' lang='lat' dir='ltr'>esse</span> 
     </span>
     <span class='ocr_line' id='line_1_24' title="bbox 192 2925 1337 3009; baseline 0 -21"><span class='ocrx_word' id='word_1_189' title='bbox 192 2928 228 2989; x_wconf 90' lang='lat' dir='ltr'>ut</span> <span class='ocrx_word' id='word_1_190' title='bbox 250 2925 286 2989; x_wconf 91' lang='lat' dir='ltr'>in</span> <span class='ocrx_word' id='word_1_191' title='bbox 308 2925 478 2991; x_wconf 91' lang='lat' dir='ltr'>commoda</span> <span class='ocrx_word' id='word_1_192' title='bbox 501 2927 668 2993; x_wconf 88' lang='lat' dir='ltr'>societatis</span> <span class='ocrx_word' id='word_1_193' title='bbox 691 2928 854 2993; x_wconf 88' lang='lat' dir='ltr'>humanae</span> <span class='ocrx_word' id='word_1_194' title='bbox 882 2926 1088 3009; x_wconf 87' lang='lat' dir='ltr'>civitatisque</span> <span class='ocrx_word' id='word_1_195' title='bbox 1116 2925 1256 2990; x_wconf 85' lang='lat' dir='ltr'>salutem</span> <span class='ocrx_word' id='word_1_196' title='bbox 1281 2945 1337 3008; x_wconf 92' lang='lat' dir='ltr'>op·</span> 
     </span>
     <span class='ocr_line' id='line_1_25' title="bbox 191 3030 1339 3118; baseline 0.001 -23"><span class='ocrx_word' id='word_1_197' title='bbox 191 3032 264 3095; x_wconf 89' lang='lat' dir='ltr'>timi</span> <span class='ocrx_word' id='word_1_198' title='bbox 296 3032 420 3098; x_wconf 86' lang='lat' dir='ltr'>fructus</span> <span class='ocrx_word' id='word_1_199' title='bbox 454 3055 512 3099; x_wconf 89' lang='lat' dir='ltr'>sna</span> <span class='ocrx_word' id='word_1_200' title='bbox 544 3041 661 3118; x_wconf 88' lang='lat' dir='ltr'>sponte</span> <span class='ocrx_word' id='word_1_201' title='bbox 693 3034 918 3101; x_wconf 86' lang='lat' dir='ltr'>redundarent.</span> <span class='ocrx_word' id='word_1_202' title='bbox 968 3032 1077 3118; x_wconf 77' lang='lat' dir='ltr'>Atque</span> <span class='ocrx_word' id='word_1_203' title='bbox 1104 3030 1166 3096; x_wconf 89' lang='lat' dir='ltr'>bac</span> <span class='ocrx_word' id='word_1_204' title='bbox 1194 3031 1249 3096; x_wconf 87' lang='lat' dir='ltr'>ille</span> <span class='ocrx_word' id='word_1_205' title='bbox 1277 3032 1339 3114; x_wconf 88' lang='lat' dir='ltr'>via,</span> 
     </span>
     <span class='ocr_line' id='line_1_26' title="bbox 192 3137 1339 3226; baseline 0 -24"><span class='ocrx_word' id='word_1_206' title='bbox 192 3158 289 3221; x_wconf 90' lang='lat' dir='ltr'>quam</span> <span class='ocrx_word' id='word_1_207' title='bbox 311 3161 385 3204; x_wconf 89' lang='lat' dir='ltr'>rara</span> <span class='ocrx_word' id='word_1_208' title='bbox 408 3143 593 3206; x_wconf 87' lang='lat' dir='ltr'>constantia</span> <span class='ocrx_word' id='word_1_209' title='bbox 611 3143 725 3226; x_wconf 88' lang='lat' dir='ltr'>tenuit,</span> <span class='ocrx_word' id='word_1_210' title='bbox 748 3163 806 3226; x_wconf 88' lang='lat' dir='ltr'>per</span> <span class='ocrx_word' id='word_1_211' title='bbox 824 3141 1010 3206; x_wconf 84' lang='lat' dir='ltr'>universam</span> <span class='ocrx_word' id='word_1_212' title='bbox 1029 3138 1132 3204; x_wconf 87' lang='lat' dir='ltr'>vitam</span> <span class='ocrx_word' id='word_1_213' title='bbox 1151 3137 1191 3202; x_wconf 88' lang='lat' dir='ltr'>sd</span> <span class='ocrx_word' id='word_1_214' title='bbox 1211 3159 1339 3202; x_wconf 88' lang='lat' dir='ltr'>summa</span> 
     </span>
     <span class='ocr_line' id='line_1_27' title="bbox 193 3233 1338 3332; baseline 0.001 -23"><span class='ocrx_word' id='word_1_215' title='bbox 193 3249 227 3309; x_wconf 91' lang='lat' dir='ltr'>et</span> <span class='ocrx_word' id='word_1_216' title='bbox 252 3246 420 3330; x_wconf 86' lang='lat' dir='ltr'>praeclara</span> <span class='ocrx_word' id='word_1_217' title='bbox 446 3269 591 3332; x_wconf 88' lang='lat' dir='ltr'>quaeque</span> <span class='ocrx_word' id='word_1_218' title='bbox 619 3247 814 3314; x_wconf 88' lang='lat' dir='ltr'>contendeus</span> <span class='ocrx_word' id='word_1_219' title='bbox 836 3249 871 3313; x_wconf 88' lang='lat' dir='ltr'>id</span> <span class='ocrx_word' id='word_1_220' title='bbox 893 3251 943 3312; x_wconf 89' lang='lat' dir='ltr'>est</span> <span class='ocrx_word' id='word_1_221' title='bbox 965 3249 1172 3328; x_wconf 84' lang='lat' dir='ltr'>consecutus,</span> <span class='ocrx_word' id='word_1_222' title='bbox 1201 3247 1237 3310; x_wconf 88' lang='lat' dir='ltr'>ut</span> <span class='ocrx_word' id='word_1_223' title='bbox 1264 3233 1338 3310; x_wconf 77' lang='lat' dir='ltr'>cuin</span> 
     </span>
     <span class='ocr_line' id='line_1_28' title="bbox 193 3352 1337 3440; baseline 0 -24"><span class='ocrx_word' id='word_1_224' title='bbox 193 3353 384 3418; x_wconf 88' lang='lat' dir='ltr'>eruditionis</span> <span class='ocrx_word' id='word_1_225' title='bbox 415 3355 529 3420; x_wconf 89' lang='lat' dir='ltr'>decore</span> <span class='ocrx_word' id='word_1_226' title='bbox 561 3355 750 3440; x_wconf 88' lang='lat' dir='ltr'>prudentiae</span> <span class='ocrx_word' id='word_1_227' title='bbox 783 3355 887 3421; x_wconf 85' lang='lat' dir='ltr'>civilis</span> <span class='ocrx_word' id='word_1_228' title='bbox 919 3354 1014 3420; x_wconf 90' lang='lat' dir='ltr'>laude</span> <span class='ocrx_word' id='word_1_229' title='bbox 1045 3352 1232 3418; x_wconf 79' lang='lat' dir='ltr'>felicissime</span> <span class='ocrx_word' id='word_1_230' title='bbox 1264 3355 1337 3417; x_wconf 60' lang='lat' dir='ltr'>conss</span> 
     </span>
     <span class='ocr_line' id='line_1_29' title="bbox 192 3458 1338 3547; baseline -0.002 -23"><span class='ocrx_word' id='word_1_231' title='bbox 192 3463 303 3525; x_wconf 88' lang='lat' dir='ltr'>iuncta</span> <span class='ocrx_word' id='word_1_232' title='bbox 334 3460 566 3545; x_wconf 87' lang='lat' dir='ltr'>propemodum</span> <span class='ocrx_word' id='word_1_233' title='bbox 599 3466 767 3547; x_wconf 84' lang='lat' dir='ltr'>exemptus</span> <span class='ocrx_word' id='word_1_234' title='bbox 798 3462 898 3527; x_wconf 89' lang='lat' dir='ltr'>fnisse</span> <span class='ocrx_word' id='word_1_235' title='bbox 931 3484 949 3526; x_wconf 91' lang='lat' dir='ltr'>e</span> <span class='ocrx_word' id='word_1_236' title='bbox 981 3459 1144 3526; x_wconf 89' lang='lat' dir='ltr'>communi</span> <span class='ocrx_word' id='word_1_237' title='bbox 1177 3458 1338 3524; x_wconf 84' lang='lat' dir='ltr'>humanae</span> 
     </span>
     <span class='ocr_line' id='line_1_30' title="bbox 192 3565 1363 3654; baseline 0.001 -24"><span class='ocrx_word' id='word_1_238' title='bbox 192 3571 328 3632; x_wconf 85' lang='lat' dir='ltr'>naturae</span> <span class='ocrx_word' id='word_1_239' title='bbox 351 3567 575 3634; x_wconf 86' lang='lat' dir='ltr'>imbecillitate</span> <span class='ocrx_word' id='word_1_240' title='bbox 598 3568 760 3654; x_wconf 85' lang='lat' dir='ltr'>videatur,</span> <span class='ocrx_word' id='word_1_241' title='bbox 785 3569 904 3654; x_wconf 88' lang='lat' dir='ltr'>quippe</span> <span class='ocrx_word' id='word_1_242' title='bbox 927 3588 1010 3653; x_wconf 88' lang='lat' dir='ltr'>quae</span> <span class='ocrx_word' id='word_1_243' title='bbox 1034 3566 1177 3651; x_wconf 89' lang='lat' dir='ltr'>disparia</span> <span class='ocrx_word' id='word_1_244' title='bbox 1201 3565 1363 3631; x_wconf 84' lang='lat' dir='ltr'>consilia·</span> 
     </span>
     <span class='ocr_line' id='line_1_31' title="bbox 192 3672 1337 3761; baseline 0 -25"><span class='ocrx_word' id='word_1_245' title='bbox 192 3674 262 3757; x_wconf 88' lang='lat' dir='ltr'>pari</span> <span class='ocrx_word' id='word_1_246' title='bbox 285 3674 376 3759; x_wconf 87' lang='lat' dir='ltr'>iungi</span> <span class='ocrx_word' id='word_1_247' title='bbox 400 3695 550 3740; x_wconf 89' lang='lat' dir='ltr'>successu</span> <span class='ocrx_word' id='word_1_248' title='bbox 576 3697 652 3740; x_wconf 85' lang='lat' dir='ltr'>raro</span> <span class='ocrx_word' id='word_1_249' title='bbox 682 3698 779 3761; x_wconf 89' lang='lat' dir='ltr'>passa</span> <span class='ocrx_word' id='word_1_250' title='bbox 802 3675 853 3740; x_wconf 87' lang='lat' dir='ltr'>sit.</span> <span class='ocrx_word' id='word_1_251' title='bbox 899 3675 992 3740; x_wconf 88' lang='lat' dir='ltr'>Illius</span> <span class='ocrx_word' id='word_1_252' title='bbox 1016 3677 1122 3740; x_wconf 63' lang='lat' dir='ltr'>summ</span> <span class='ocrx_word' id='word_1_253' title='bbox 1147 3672 1337 3738; x_wconf 83' lang='lat' dir='ltr'>eruditionis</span> 
     </span>
     <span class='ocr_line' id='line_1_32' title="bbox 193 3781 1337 3866; baseline 0 -22"><span class='ocrx_word' id='word_1_254' title='bbox 193 3786 314 3864; x_wconf 86' lang='lat' dir='ltr'>quanta</span> <span class='ocrx_word' id='word_1_255' title='bbox 344 3781 395 3846; x_wconf 85' lang='lat' dir='ltr'>vis</span> <span class='ocrx_word' id='word_1_256' title='bbox 428 3784 461 3847; x_wconf 90' lang='lat' dir='ltr'>et</span> <span class='ocrx_word' id='word_1_257' title='bbox 492 3782 623 3847; x_wconf 88' lang='lat' dir='ltr'>ubertas</span> <span class='ocrx_word' id='word_1_258' title='bbox 655 3782 766 3861; x_wconf 85' lang='lat' dir='ltr'>fuerit,</span> <span class='ocrx_word' id='word_1_259' title='bbox 802 3785 960 3866; x_wconf 87' lang='lat' dir='ltr'>qnantum</span> <span class='ocrx_word' id='word_1_260' title='bbox 995 3782 1105 3847; x_wconf 87' lang='lat' dir='ltr'>lumen</span> <span class='ocrx_word' id='word_1_261' title='bbox 1138 3784 1171 3845; x_wconf 90' lang='lat' dir='ltr'>et</span> <span class='ocrx_word' id='word_1_262' title='bbox 1203 3801 1337 3846; x_wconf 89' lang='lat' dir='ltr'>acumen</span> 
     </span>
     <span class='ocr_line' id='line_1_33' title="bbox 191 3885 1337 3972; baseline 0 -22"><span class='ocrx_word' id='word_1_263' title='bbox 191 3886 225 3950; x_wconf 92' lang='lat' dir='ltr'>in</span> <span class='ocrx_word' id='word_1_264' title='bbox 254 3887 491 3953; x_wconf 82' lang='lat' dir='ltr'>diversissimas</span> <span class='ocrx_word' id='word_1_265' title='bbox 518 3893 627 3972; x_wconf 87' lang='lat' dir='ltr'>partes</span> <span class='ocrx_word' id='word_1_266' title='bbox 655 3911 762 3954; x_wconf 90' lang='lat' dir='ltr'>rerum</span> <span class='ocrx_word' id='word_1_267' title='bbox 791 3885 1007 3955; x_wconf 88' lang='lat' dir='ltr'>humanarum</span> <span class='ocrx_word' id='word_1_268' title='bbox 1030 3887 1189 3954; x_wconf 88' lang='lat' dir='ltr'>latissime</span> <span class='ocrx_word' id='word_1_269' title='bbox 1213 3890 1337 3972; x_wconf 86' lang='lat' dir='ltr'>patens,</span> 
     </span>
     <span class='ocr_line' id='line_1_34' title="bbox 192 3994 1337 4080; baseline -0.001 -23"><span class='ocrx_word' id='word_1_270' title='bbox 192 3999 314 4076; x_wconf 84' lang='lat' dir='ltr'>quanta</span> <span class='ocrx_word' id='word_1_271' title='bbox 342 4017 395 4060; x_wconf 89' lang='lat' dir='ltr'>srs</span> <span class='ocrx_word' id='word_1_272' title='bbox 423 3999 456 4060; x_wconf 89' lang='lat' dir='ltr'>et</span> <span class='ocrx_word' id='word_1_273' title='bbox 484 3995 658 4080; x_wconf 79' lang='lat' dir='ltr'>elegantia:</span> <span class='ocrx_word' id='word_1_274' title='bbox 690 3996 769 4061; x_wconf 91' lang='lat' dir='ltr'>haec</span> <span class='ocrx_word' id='word_1_275' title='bbox 798 3995 827 4060; x_wconf 89' lang='lat' dir='ltr'>si</span> <span class='ocrx_word' id='word_1_276' title='bbox 854 3996 1005 4080; x_wconf 88' lang='lat' dir='ltr'>persequi</span> <span class='ocrx_word' id='word_1_277' title='bbox 1033 3994 1225 4079; x_wconf 86' lang='lat' dir='ltr'>explicatius</span> <span class='ocrx_word' id='word_1_278' title='bbox 1252 4015 1337 4058; x_wconf 88' lang='lat' dir='ltr'>nunc</span> 
     </span>
     <span class='ocr_line' id='line_1_35' title="bbox 193 4099 1336 4187; baseline 0 -23"><span class='ocrx_word' id='word_1_279' title='bbox 193 4101 378 4186; x_wconf 88' lang='lat' dir='ltr'>aggrediar,</span> <span class='ocrx_word' id='word_1_280' title='bbox 407 4101 580 4167; x_wconf 85' lang='lat' dir='ltr'>verendum</span> <span class='ocrx_word' id='word_1_281' title='bbox 612 4103 655 4168; x_wconf 88' lang='lat' dir='ltr'>sit</span> <span class='ocrx_word' id='word_1_282' title='bbox 687 4103 847 4187; x_wconf 82' lang='lat' dir='ltr'>profecto,</span> <span class='ocrx_word' id='word_1_283' title='bbox 879 4125 920 4168; x_wconf 90' lang='lat' dir='ltr'>ne</span> <span class='ocrx_word' id='word_1_284' title='bbox 949 4101 1080 4167; x_wconf 90' lang='lat' dir='ltr'>edocere</span> <span class='ocrx_word' id='word_1_285' title='bbox 1111 4100 1194 4165; x_wconf 86' lang='lat' dir='ltr'>vella</span> <span class='ocrx_word' id='word_1_286' title='bbox 1224 4099 1336 4164; x_wconf 86' lang='lat' dir='ltr'>doctos</span> 
     </span>
     <span class='ocr_line' id='line_1_36' title="bbox 190 4205 1412 4291; baseline -0.001 -21"><span class='ocrx_word' id='word_1_287' title='bbox 190 4205 308 4272; x_wconf 87' lang='lat' dir='ltr'>videar.</span> <span class='ocrx_word' id='word_1_288' title='bbox 365 4207 443 4284; x_wconf 81' lang='lat' dir='ltr'>Quis</span> <span class='ocrx_word' id='word_1_289' title='bbox 476 4211 526 4272; x_wconf 88' lang='lat' dir='ltr'>est</span> <span class='ocrx_word' id='word_1_290' title='bbox 557 4208 643 4272; x_wconf 90' lang='lat' dir='ltr'>enim</span> <span class='ocrx_word' id='word_1_291' title='bbox 677 4209 718 4274; x_wconf 89' lang='lat' dir='ltr'>sb</span> <span class='ocrx_word' id='word_1_292' title='bbox 751 4209 953 4278; x_wconf 85' lang='lat' dir='ltr'>humanitate</span> <span class='ocrx_word' id='word_1_293' title='bbox 986 4229 1051 4274; x_wconf 87' lang='lat' dir='ltr'>non</span> <span class='ocrx_word' id='word_1_294' title='bbox 1088 4229 1221 4291; x_wconf 90' lang='lat' dir='ltr'>prorsus</span> <span class='ocrx_word' id='word_1_295' title='bbox 1259 4207 1335 4272; x_wconf 87' lang='lat' dir='ltr'>alie·</span> <span class='ocrx_word' id='word_1_296' title='bbox 1352 4229 1412 4272; x_wconf 84' lang='lat' dir='ltr'>v111</span> 
     </span>
     <span class='ocr_line' id='line_1_37' title="bbox 191 4313 1337 4400; baseline 0.002 -24"><span class='ocrx_word' id='word_1_297' title='bbox 191 4334 262 4396; x_wconf 89' lang='lat' dir='ltr'>nus,</span> <span class='ocrx_word' id='word_1_298' title='bbox 285 4314 373 4400; x_wconf 86' lang='lat' dir='ltr'>quin,</span> <span class='ocrx_word' id='word_1_299' title='bbox 397 4315 591 4398; x_wconf 85' lang='lat' dir='ltr'>simulatque</span> <span class='ocrx_word' id='word_1_300' title='bbox 613 4314 844 4382; x_wconf 73' lang='lat' dir='ltr'>Hvsfflonnsn</span> <span class='ocrx_word' id='word_1_301' title='bbox 867 4337 986 4382; x_wconf 86' lang='lat' dir='ltr'>nomen</span> <span class='ocrx_word' id='word_1_302' title='bbox 1009 4315 1043 4378; x_wconf 93' lang='lat' dir='ltr'>in</span> <span class='ocrx_word' id='word_1_303' title='bbox 1063 4335 1156 4380; x_wconf 85' lang='lat' dir='ltr'>aures</span> <span class='ocrx_word' id='word_1_304' title='bbox 1179 4313 1337 4400; x_wconf 68' lang='lat' dir='ltr'>inciderit,</span> 
     </span>
    </p>
   </div>
   <div class='ocr_carea' id='block_1_3' title="bbox 191 4413 1336 4507">
    <p class='ocr_par' dir='ltr' id='par_1_3' title="bbox 191 4413 1336 4507">
     <span class='ocr_line' id='line_1_38' title="bbox 191 4413 1336 4507; baseline 0.003 -23"><span class='ocrx_word' id='word_1_305' title='bbox 191 4419 267 4486; x_wconf 92' lang='lat' dir='ltr'>ilico</span> <span class='ocrx_word' id='word_1_306' title='bbox 296 4420 335 4486; x_wconf 92' lang='lat' dir='ltr'>de</span> <span class='ocrx_word' id='word_1_307' title='bbox 364 4423 507 4506; x_wconf 88' lang='lat' dir='ltr'>perfecto</span> <span class='ocrx_word' id='word_1_308' title='bbox 537 4421 750 4507; x_wconf 89' lang='lat' dir='ltr'>omnibusque</span> <span class='ocrx_word' id='word_1_309' title='bbox 781 4413 925 4487; x_wconf 75' lang='lat' dir='ltr'>omiseris</span> <span class='ocrx_word' id='word_1_310' title='bbox 949 4421 1098 4487; x_wconf 88' lang='lat' dir='ltr'>absoluto</span> <span class='ocrx_word' id='word_1_311' title='bbox 1122 4422 1336 4507; x_wconf 87' lang='lat' dir='ltr'>grammatico</span> 
     </span>
    </p>
   </div>
   <div class='ocr_carea' id='block_1_4' title="bbox 191 4527 1337 4686">
    <p class='ocr_par' dir='ltr' id='par_1_4' title="bbox 191 4527 1337 4686">
     <span class='ocr_line' id='line_1_39' title="bbox 191 4527 1337 4614; baseline 0.003 -24"><span class='ocrx_word' id='word_1_312' title='bbox 191 4527 328 4612; x_wconf 89' lang='lat' dir='ltr'>cogitet,</span> <span class='ocrx_word' id='word_1_313' title='bbox 357 4530 469 4613; x_wconf 86' lang='lat' dir='ltr'>quales</span> <span class='ocrx_word' id='word_1_314' title='bbox 499 4533 566 4593; x_wconf 90' lang='lat' dir='ltr'>tam</span> <span class='ocrx_word' id='word_1_315' title='bbox 597 4551 718 4612; x_wconf 88' lang='lat' dir='ltr'>paucos</span> <span class='ocrx_word' id='word_1_316' title='bbox 749 4533 838 4594; x_wconf 86' lang='lat' dir='ltr'>aetas</span> <span class='ocrx_word' id='word_1_317' title='bbox 868 4529 1011 4593; x_wconf 88' lang='lat' dir='ltr'>bumana</span> <span class='ocrx_word' id='word_1_318' title='bbox 1041 4527 1136 4614; x_wconf 83' lang='lat' dir='ltr'>vidit,</span> <span class='ocrx_word' id='word_1_319' title='bbox 1165 4533 1204 4594; x_wconf 88' lang='lat' dir='ltr'>nt</span> <span class='ocrx_word' id='word_1_320' title='bbox 1233 4551 1271 4596; x_wconf 89' lang='lat' dir='ltr'>eo</span> <span class='ocrx_word' id='word_1_321' title='bbox 1301 4530 1337 4594; x_wconf 92' lang='lat' dir='ltr'>in</span> 
     </span>
     <span class='ocr_line' id='line_1_40' title="bbox 1069 4633 1124 4686; baseline 0.018 -1"><span class='ocrx_word' id='word_1_322' title='bbox 1069 4633 1124 4686; x_wconf 74' lang='lat'>42*</span> 
     </span>
    </p>
   </div>
   <div class='ocr_carea' id='block_1_5' title="bbox 0 0 1656 5076">
    <p class='ocr_par' dir='ltr' id='par_1_5' title="bbox 0 0 1656 5076">
     <span class='ocr_line' id='line_1_41' title="bbox 0 0 1656 5076; baseline 0 1"><span class='ocrx_word' id='word_1_323' title='bbox 0 0 1656 5076; x_wconf 95' lang='lat' dir='ltr'> </span> 
     </span>
    </p>
   </div>
  </div>
 </body>
</html>
