3332 5074
311 374 377 438 480
600 383 861 441 ruocnoouuus
885 394 931 441 nn
957 395 1164 446 uarroumvs

308 557 330 617 y
352 535 420 601 Mil.
443 536 502 620 III,
528 539 555 620 1,
578 539 659 604 207:

401 677 466 756 Qus
486 680 551 743 nisi
575 681 734 746 adulterio
759 683 923 747 studiosus
955 734 1361 750 .......

310 820 330 882 t
355 821 432 884 Mil:
446 820 492 905 ΙΙ,
516 823 545 906 3,
569 825 626 888 25:

399 958 500 1028 'Pirum
526 964 781 1051 stultiloquium.
818 969 875 1052 qui
899 990 975 1032 uero
1019 1019 1025 1034 .
1153 1021 1158 1032 .
1219 1019 1226 1031 .
1286 1020 1292 1032 .
1354 1021 1360 1032 .

312 1129 375 1191 quo
395 1109 542 1192 exemplo
562 1109 642 1173 satis
657 1108 840 1174 defenditur
854 1111 939 1194 quod
954 1109 1159 1176 Hermannus
1174 1113 1284 1193 posuit
1298 1109 1456 1176 Baccha:

400 1249 459 1314 Pal
483 1249 673 1315 lusciniolae
695 1273 823 1336 quoque
847 1256 955 1316 metuo
1022 1304 1360 1318 ......

311 1391 367 1455 ubi
391 1391 460 1475 ipse
482 1391 585 1457 Vetus
609 1395 733 1458 omittit
755 1395 841 1479 quod
865 1395 963 1480 vulgo
987 1395 1117 1460 additur
1139 1394 1243 1480 coest)

310 1499 324 1562 i
345 1497 432 1564 Trin.
451 1499 530 1564 378:
1184 1495 1191 1506 ’

400 1625 512 1724 Etgonc
532 1641 711 1708 indotatam
731 1649 763 1707 te
783 1665 915 1709 uxorem
934 1648 970 1709 ut
984 1643 1114 1728 patiar?
1138 1645 1203 1711 LY.
1218 1647 1452 1732 patiuudumst,

1162 1757 1268 1836 pater:

276 1847 283 1860 ’
310 1877 385 1918 nam
418 1855 493 1918 huic
524 1855 648 1921 formae
681 1859 759 1922 satis
792 1859 947 1942 praesidii
974 1863 1125 1942 paratum
1154 1880 1224 1923 esse
1252 1862 1299 1926 eis
1329 1862 1456 1927 videtur

310 1983 391 2045 quas
414 1961 472 2042 Ββ
495 1966 528 2027 et
550 1963 592 2044 ῠβ
615 1964 733 2030 litteris
757 1965 966 2050 signavimus.
1013 1965 1214 2050 Quamquam
1239 1989 1310 2032 oum
1335 1974 1363 2034 te
1384 1992 1456 2053 pro·

309 2089 427 2132 nomen
451 2069 688 2136 Ambrosianus
712 2073 851 2157 ignoret,
875 2073 985 2156 quaeri
1008 2076 1118 2155 potest
1140 2094 1216 2137 num
1240 2073 1325 2138 forte
1344 2098 1364 2140 a
1381 2098 1456 2160 poe-

310 2179 362 2239 tae
386 2197 483 2240 manu
510 2177 626 2241 horum
651 2179 780 2262 aliquod
806 2180 1025 2264 exemplorum
1050 2199 1132 2264 quae
1155 2178 1241 2244 infra
1263 2181 1358 2263 posui
1381 2203 1452 2264 pro-

310 2281 429 2346 fectum
454 2284 509 2347 sit:

399 2409 512 2528 tigano
536 2426 716 2490 indotatam
740 2431 876 2493 risorem
900 2431 937 2492 ut
959 2433 992 2492 te
1015 2428 1158 2512 patiar.
1219 2481 1224 2492 .
1285 2481 1291 2494 .
1352 2483 1358 2494 .

398 2531 513 2616 Egone
537 2537 574 2598 ut
595 2535 834 2600 teindotritam
858 2557 990 2598 uxorem
1014 2536 1156 2618 patiar.
1218 2586 1224 2598 .
1285 2587 1291 2600 .
1352 2588 1358 2600 .

399 2623 512 2723 ligone
535 2641 715 2706 indotatam
739 2645 777 2705 rit
800 2647 832 2706 te
856 2664 987 2708 uxorem
1012 2641 1158 2725 patiar.
1218 2693 1224 2704 .
1285 2694 1291 2706 .
1352 2695 1358 2706 .

308 2779 437 2846 tTrin.
463 2784 561 2849 1138:

398 2887 496 2954 Modo
520 2893 565 2956 mi
588 2891 776 2958 aduenienti
796 2899 938 2978 nugator
950 2943 1357 2957 .......

309 3031 337 3094 si
361 3033 463 3098 libros
487 3037 659 3119 sequimur.
701 3035 823 3100 Verum
847 3035 908 3100 hoc
931 3057 1026 3100 nemo
1049 3056 1115 3099 non
1138 3035 1239 3098 sentit
1262 3039 1382 3118 quanto
1406 3057 1454 3100 as·

238 3157 294 3198 coh
309 3140 418 3222 porius
442 3139 482 3203 ad
506 3163 598 3205 aures
623 3142 749 3207 accidat
772 3164 868 3228 quam
893 3143 999 3226 specie
1022 3144 1150 3205 tantum
1170 3139 1293 3204 similia
1311 3141 1453 3206 luscinio

309 3246 358 3310 lae
379 3251 412 3311 et
433 3249 615 3312 inuiolatam:
640 3270 722 3333 quae
746 3249 903 3334 asperitas
927 3249 1023 3313 nobis
1046 3253 1115 3314 tam
1139 3251 1190 3312 ast
1212 3247 1351 3312 molesta
1373 3249 1452 3333 visa,

308 3357 345 3415 ut
368 3375 441 3417 eum
464 3377 592 3419 versum
616 3377 681 3420 non
705 3355 927 3420 dubitaremus
951 3355 1096 3418 immisso
1119 3353 1169 3416 lu'e
1191 3354 1231 3417 ad
1255 3354 1341 3419 illius
1365 3355 1453 3419 simi-

308 3459 477 3525 litudinem
501 3483 651 3527 revocare
661 3461 712 3549 **)
734 3463 790 3547 qui
814 3466 864 3527 est
887 3463 920 3526 in
943 3460 1058 3526 Bacch.
1084 3461 1148 3524 506
1174 3461 1280 3542 [538]:

397 3601 483 3667 Nrim
508 3627 589 3688 quae
611 3606 789 3669 aduenienti
811 3605 980 3690 aegritudo
1016 3654 1355 3669 ......

397 3743 520 3809 Tantae
544 3746 640 3811 molis
665 3751 735 3811 erat
758 3747 1014 3830 septenariorum
1037 3745 1275 3812 troclraicorum
1296 3749 1328 3810 et
1346 3749 1450 3811 artem

307 3851 458 3915 eximiam
487 3856 520 3916 et
547 3852 707 3917 modicam
731 3855 890 3939 certisque
914 3853 1032 3917 finibus
1056 3853 1331 3936 circumscriptam
1355 3852 1452 3916 liber·

306 3963 406 4024 tatem
432 3959 601 4043 explicare.
633 3957 684 4023 Ne
707 3965 817 4030 tamen
840 3961 874 4023 in
893 3959 1028 4023 nimiam
1048 3960 1165 4023 molem
1184 3959 1344 4043 praefatio
1368 3980 1452 4023 cres-

307 4070 372 4149 cat,
395 4067 520 4151 reliqua
543 4071 646 4130 metra
670 4067 765 4130 mitto
789 4068 823 4129 in
846 4087 1008 4149 praesens,
1031 4065 1065 4130 in
1089 4087 1126 4130 eo
1151 4065 1220 4130 solo
1246 4065 1451 4151 acquiescens

306 4179 343 4237 ut
366 4173 578 4238 iambioorum
602 4174 902 4256 trochaicommque
925 4174 958 4237 in
983 4173 1183 4238 observando
1207 4176 1341 4236 accentu
1365 4193 1452 4238 seve

308 4299 392 4306 —

396 4353 422 4416 *)
442 4349 493 4418 [Ct.
514 4349 614 4419 Opusc.
634 4347 702 4417 phili
722 4349 747 4402 11
765 4365 793 4417 p.
813 4351 887 4416 ³01]

378 4437 419 4506 **)
440 4437 483 4508 [In
502 4437 545 4493 cd.
560 4438 609 4492 alt,
630 4438 791 4492 aduenienti
808 4437 924 4506 reliquit
941 4437 1046 4492 addens
1066 4437 1130 4491 ‘etsi
1148 4435 1215 4490 ferri
1233 4439 1336 4506 potest,
1354 4439 1450 4492 mmau

307 4523 383 4578 haud
401 4523 459 4580 scio
478 4543 514 4580 an
532 4529 607 4579 recte
627 4525 764 4595 gratiores
782 4541 912 4580 numeros
928 4527 1088 4580 aduenienti
1100 4527 1144 4580 tic
1157 4525 1449 4597 commendaverim’]
