3338 5072
548 418 809 466 uuuuuu’rrours
834 419 1040 466 miurinus.
1308 403 1372 468 329

228 566 302 648 577,
328 565 403 647 578,
431 563 505 628 590.
531 561 595 626 765
606 582 674 647 sqq.
699 562 773 627 879.
798 561 861 626 889
873 583 942 646 sqq.
969 562 1062 626 1020.
1088 563 1181 626 1054.
1209 565 1306 628 1114:
1334 563 1373 627 de

227 673 308 756 eliis,
332 675 369 736 ut
391 670 467 735 336.
488 667 563 734 415.
587 667 730 753 660sqq.
755 667 818 733 719
830 689 875 754 sq.
902 668 1002 750 1172,
1031 673 1088 733 111
1116 691 1182 736 101
1209 670 1374 754 potuimus

228 765 285 844 a'ut
315 800 383 844 nou
413 775 483 842 ausi
515 795 627 840 sumus
660 773 823 858 Aoidelio,
854 773 1056 858 Hermanno,
1089 775 1221 859 Bothio,
1253 773 1373 841 Meiere

228 885 385 951 assentiri
430 883 574 960 Quarum
602 881 891 966 transpositionem
918 904 992 947 enm
1021 882 1132 967 peueis
1159 881 1267 948 verbis
1290 883 1375 948 rstio

228 991 316 1058 reddi
333 993 484 1076 nequeat,
503 990 588 1055 melo
607 1010 693 1054 nune
712 987 751 1054 de
769 1011 880 1054 eurum
900 989 1023 1054 caussis
1042 989 1125 1054 nihil
1144 1011 1241 1075 quem
1260 1009 1374 1074 perum

228 1101 345 1166 dicere:
374 1119 455 1184 quus
485 1096 614 1181 quidem
638 1117 696 1162 sue
719 1117 877 1182 quemque
900 1096 1108 1164 meditatione
1131 1095 1226 1162 senile
1249 1115 1374 1180 essecu-

228 1211 336 1272 turum
365 1205 499 1272 confido.
549 1202 696 1270 Leeunes
724 1206 832 1269 eutem
861 1203 947 1288 quod
974 1225 1040 1270 uon
1067 1204 1156 1270 soleo
1184 1203 1376 1288 siguificare,

230 1314 293 1379 nisi
316 1315 353 1378 ut
376 1311 472 1378 simul
496 1309 667 1395 supplendi
690 1309 947 1394 experimentum
970 1309 1096 1392 fecium,
1119 1310 1152 1375 id
1174 1331 1241 1376 uon
1264 1330 1376 1375 vereor
1390 1325 1481 1364 mn

229 1442 270 1486 ne
294 1417 366 1505 quis
389 1418 437 1484 ite
459 1417 689 1501 interpretetur
711 1419 749 1480 ut
771 1416 821 1480 vel
850 1415 1054 1482 ambitiosius
1081 1417 1133 1480 rel
1163 1417 1250 1482 iusto
1278 1417 1375 1481 eonfi-

229 1526 357 1590 deutius
390 1524 512 1589 foetum
544 1523 705 1589 videatur:
743 1523 798 1607 qui
830 1545 898 1591 uon
924 1523 992 1588 ullo
1021 1525 1115 1608 paeto
1144 1523 1252 1589 verbis
1280 1523 1375 1588 velim

230 1632 369 1716 exempli
391 1652 506 1696 neusse
528 1629 718 1716 propositis,
746 1630 802 1695 sed
829 1629 894 1715 ipsi
921 1629 960 1695 de
983 1629 1094 1715 eliqua
1116 1631 1231 1696 laeuus
1254 1629 1376 1695 oouieo

230 1745 321 1805 turae
345 1738 440 1804 fidem
463 1738 582 1821 fecere,
608 1737 704 1822 idque
732 1741 770 1803 ut
796 1741 902 1803 eertee
925 1736 998 1803 vine
1020 1738 1296 1804 demonstratione
1319 1739 1377 1802 liet

229 1847 358 1912 credam
376 1845 478 1930 ipsius
496 1845 576 1910 ortis
598 1843 779 1910 rationibus
802 1843 952 1930 flagitari.
992 1844 1195 1930 Quemquam
1219 1845 1375 1930 qusednrn

230 1977 321 2038 saue,
354 1953 477 2018 minore
510 1951 688 2030 verborum
714 1951 839 2017 ambitu
869 1951 1112 2036 comprehensu,
1144 1951 1376 2036 propemodum

231 2062 390 2147 spondere
422 2083 519 2145 posse
549 2058 690 2124 videare:
727 2063 764 2123 ut
798 2081 826 2124 v.
860 2059 944 2123 1113
976 2057 1109 2124 absentie
1139 2059 1199 2122 mei
1230 2057 1288 2134 eri,
1326 2057 1376 2122 vel

230 2193 260 2235 v.
292 2169 378 2234 1120
405 2165 580 2232 divinando
608 2169 794 2230 revoeetum
821 2165 906 2230 domi
931 2166 967 2230 in
994 2165 1058 2230 tine
1089 2185 1214 2247 versus,
1246 2163 1375 2248 quaudo

230 2280 373 2342 extreme
395 2274 602 2360 potissimum
630 2293 780 2338 versuum
804 2271 960 2337 vocabule
981 2293 1049 2337 non
1071 2293 1144 2336 roro
1167 2270 1278 2355 elapsu
1301 2274 1378 2336 suut

232 2381 284 2467 (ut
307 2405 336 2446 v.
360 2381 433 2446 841.
462 2377 574 2468 1059):
600 2380 739 2446 fortasse
768 2379 867 2444 etium
890 2379 1110 2464 redintegrate
1131 2377 1226 2443 initio
1248 2378 1377 2444 mutilo·

230 2510 301 2553 rum
325 2507 475 2553 versuum
499 2487 564 2553 945
574 2509 642 2572 sqq.
684 2483 747 2552 Sed
769 2509 798 2551 v.
824 2485 887 2551 130
910 2509 987 2552 seue
1011 2485 1187 2572 excogitari
1210 2485 1378 2570 complure

231 2600 370 2681 possunt
388 2595 458 2680 peri
477 2593 718 2680 probabilitate.
746 2593 948 2660 Confirmant
966 2596 1074 2658 eutem
1090 2592 1283 2678 aliquotiens
1303 2615 1376 2676 sup-

231 2703 340 2787 plendi
367 2702 518 2767 liduoiem
545 2700 689 2784 ipsorum
717 2699 862 2764 codicum
896 2699 1077 2785 singularis
1106 2699 1256 2785 vestigio,
1291 2699 1377 2764 velut

231 2831 304 2874 eum
332 2809 366 2873 in
390 2810 424 2873 B
445 2829 584 2874 reouum
612 2806 753 2890 spatium
781 2829 811 2870 v.
834 2807 899 2872 885
926 2807 1012 2871 iuter
1038 2807 1083 2872 ire
1110 2809 1144 2871 et
1170 2807 1302 2889 ooorpiue
1328 2827 1376 2871 re-

231 2917 344 2981 lietum
368 2913 455 3002 1111)
480 2912 626 2999 (prorsus
650 2917 686 2977 ut
707 2935 737 2977 u.
760 2912 826 2979 986
849 2935 907 2998 pro
932 2912 1068 2979 servatis
1092 2914 1125 2978 in
1149 2914 1183 2977 B
1205 2912 1376 2993 litterisfo

231 3045 275 3088 on
302 3029 336 3088 tu
362 3023 397 3104 if
415 3044 552 3088 vacuum
581 3021 723 3106 spatium
749 3020 784 3084 11
812 3019 923 3099 CDE,
953 3020 1004 3084 vel
1031 3021 1064 3085 iu
1093 3021 1144 3087 his
1169 3019 1247 3086 solis
1271 3019 1378 3104 spotia

232 3131 273 3196 ab
296 3130 392 3195 initio
411 3150 560 3193 versuum
580 3127 645 3192 945
656 3125 750 3212 sqq.),
773 3127 858 3212 quod
877 3126 1076 3210 explevimus
1094 3126 1191 3192 berete
1209 3125 1377 3210 particule,

233 3259 314 3322 quse
341 3257 408 3301 uon
437 3255 511 3300 roro
539 3233 690 3299 liberiore
718 3233 896 3299 oolloeaudi
926 3255 1042 3320 genere
1066 3232 1191 3298 mediae
1214 3235 1376 3298 construe·

233 3343 316 3408 tioui
344 3341 575 3427 interponitur,
603 3341 776 3406 11457.
822 3339 883 3404 Vel
911 3361 984 3404 oum
1007 3340 1232 3406 12451111
1258 3339 1375 3404 disere-

233 3450 346 3535 psntis
367 3450 420 3515 obi
442 3470 501 3533 pro
524 3448 569 3513 rbi
591 3448 624 3513 A
647 3446 778 3513 exhibet
801 3470 839 3513 eo
863 3449 897 3512 in
926 3448 1012 3530 loeo,
1038 3448 1089 3513 cui
1117 3446 1237 3533 aliquid
1265 3446 1377 3512 deesse

234 3558 373 3622 metrum
410 3558 539 3641 erguut:
577 3555 661 3620 uude
697 3553 750 3618 abi
784 3554 913 3620 litteras
950 3554 1154 3640 interpretati
1191 3576 1301 3619 sumus
1339 3575 1378 3618 ex

232 3666 338 3746 astque
355 3663 414 3744 uti
436 3661 596 3727 residuas:
620 3659 832 3745 similiterque
856 3661 935 3726 olibi
959 3661 1088 3744 similis,
1111 3683 1137 3727 e.
1157 3683 1181 3726 1.
1199 3681 1265 3726 rem
1284 3663 1378 3743 [enlm

232 3771 320 3836 11111
347 3769 495 3834 effoetum
523 3789 540 3834 e
568 3788 633 3833 rem
659 3768 781 3833 menime
807 3767 893 3853 quod
921 3768 955 3832 iu
977 3768 1012 3833 B
1035 3772 1085 3834 est
1107 3789 1136 3832 v.
1160 3768 1298 3854 652**),
1327 3769 1377 3833 vel

324 3999 350 4065 Ι1)
368 3997 508 4070 [‘Alioqni
521 3995 625 4052 lioebut
637 3997 687 4052 eut
701 3997 734 4050 Si
751 4001 816 4051 onte
833 3997 919 4051 lucem
937 4002 968 4051 tu
986 3998 1035 4062 ire,
1053 3997 1185 4052 anteum
1201 3994 1295 4050 lteirio
1310 3995 1378 4050 ller-

233 4103 390 4157 msuuoque
406 4087 478 4142 Ante
496 4087 580 4140 lucem
598 4087 623 4140 rt
640 4086 689 4154 ire,
708 4086 757 4140 sut
770 4102 834 4140 oum
848 4085 984 4140 Muellero
1003 4085 1038 4140 de
1056 4103 1129 4155 pros.
1148 4103 1176 4155 p.
1192 4091 1245 4140 600
1264 4085 1298 4139 Si
1315 4090 1378 4139 unte

233 4177 318 4231 lucem
336 4177 417 4230 entre.
456 4173 628 4245 lngeuiosius
647 4175 743 4228 temen
766 4173 865 4228 ueteris
892 4173 925 4228 ss·
948 4175 1104 4229 1111111111
1127 4175 1167 4227 ire
1186 4173 1317 4240 Rectius,
1341 4173 1378 4227 sd

233 4264 355 4334 Appulei
369 4264 529 4334 exemplum
543 4263 694 4330 11111111,
713 4268 747 4318 14
765 4264 795 4318 et
812 4263 889 4318 houd
907 4262 990 4318 dubie
1010 4261 1095 4317 etium
1115 4263 1136 4330 l,
1156 4268 1202 4317 11:
1224 4259 1279 4316 uisi
1303 4262 1378 4331 quod

232 4355 328 4410 tomen
351 4354 480 4409 loounem
504 4353 532 4406 B
555 4369 612 4408 non
630 4353 763 4421 anteire,
788 4351 837 4408 sed
860 4355 925 4422 post
947 4369 1010 4408 eum
1028 4367 1127 4407 rocem
1146 4350 1253 4406 hebet’
1275 4350 1376 4423 Trin.¹l

305 4443 347 4512 ”l
367 4442 434 4513 [rem
452 4442 550 4497 deum
568 4437 665 4496 Trin'
683 4457 746 4496 oum
764 4440 887 4511 Bergkio
905 4456 940 4495 ex
957 4439 1066 4496 Plsoidi
1084 4441 1185 4510 glossa.
1218 4439 1259 4496 01.
1275 4439 1378 4510 Opuso.

234 4530 303 4601 phil.
323 4531 360 4586 lIl
379 4549 406 4601 p.
427 4530 482 4600 62]
