3332 5074
539 407 803 455 nnnunn'rlonrs
827 407 1035 454 Pnnvrlrenn.
1293 390 1358 454 409

215 553 277 618 hoc
301 551 347 616 eis
370 571 542 618 commune
565 553 615 616 est
643 573 716 616 cum
743 554 858 635 quarto
887 570 1019 635 genere,
1046 549 1087 616 ad
1111 549 1195 636 quod
1219 550 1286 614 iam
1309 553 1360 614 est

215 657 456 726 transeundum.

677 853 789 902 curva
812 835 901 901 XIII.
999 905 1011 922 ,

305 961 458 1048 Sequitur
486 962 573 1026 enim
601 965 638 1026 ut
661 961 700 1024 de
728 960 978 1044 correptione
1007 961 1211 1046 longarum
1238 961 1359 1045 sylla·

217 1071 351 1134 barum
374 1069 510 1154 dicatur,
528 1072 561 1134 et
578 1068 720 1153 primum
739 1067 870 1152 quidem
889 1067 927 1132 de
946 1067 1149 1152 correptione
1169 1067 1361 1134 vocalium

215 1171 445 1262 finalium*).
468 1174 596 1242 Licebit
614 1177 723 1240 autem
745 1174 780 1239 in
804 1173 866 1240 hoc
890 1196 1017 1260 quoque
1042 1195 1160 1261 genere
1183 1173 1361 1240 multitudi-

216 1305 291 1349 nem
320 1283 541 1368 exemplorum
570 1281 690 1368 partim
718 1280 940 1349 confessorum
967 1282 1086 1366 partim
1115 1281 1166 1348 vel
1196 1280 1361 1347 addubita-

216 1395 324 1456 torum
346 1390 399 1454 vel
422 1389 492 1456 sine
515 1390 628 1475 regula
651 1388 840 1473 vagantium
863 1387 959 1452 unius
977 1387 1061 1473 legis
1081 1387 1245 1453 communi
1265 1387 1362 1453 socie·

218 1500 286 1561 tate
308 1498 586 1580 comprehendere.
632 1495 669 1562 ln
699 1495 816 1581 vulgus
844 1499 973 1560 constat
995 1494 1034 1560 de
1058 1495 1214 1579 correptis
1243 1495 1362 1578 impe·

182 1621 190 1648 ⁸
218 1603 361 1668 rativis
388 1625 477 1688 rope
505 1603 588 1668 iube
614 1601 689 1681 ati,
721 1601 776 1687 qni
805 1623 878 1667 earn
900 1601 1086 1686 prosodiam
1110 1605 1241 1666 servant
1259 1599 1362 1688 ‘etiam

218 1731 290 1774 cum
314 1710 424 1777 addita
447 1731 485 1776 ue
507 1710 668 1795 particula
686 1713 836 1775 crescunt
858 1709 890 1774 in
915 1729 1030 1792 ropac
1052 1709 1160 1773 iudea
1183 1707 1283 1772 ahia:
1307 1727 1364 1772 our

217 1839 396 1902 numquam
425 1819 608 1901 correptam
636 1817 786 1882 ultimam
813 1817 930 1882 damna
957 1816 1024 1880 ride
1046 1815 1123 1879 audi
1145 1815 1256 1878 irruoca
1278 1814 1469 1878 Mooecnxvr

217 1924 331 1989 educat
353 1923 559 1990 habuerunt?
591 1922 808 2008 Designatum
833 1927 883 1988 est
904 1924 988 1988 dedi
1011 1926 1048 1987 ut
1071 1919 1251 2005 pyrrhichii
1275 1941 1361 1984 men-

220 2053 328 2096 suram
359 2030 497 2097 habens:
535 2052 593 2096 cur
623 2050 689 2095 non
721 2029 814 2096 brevi
847 2031 860 2094 i
892 2029 998 2096 vocali
1029 2028 1150 2094 reddidi
1172 2029 1283 2092 amuru’
1303 2028 1362 2110 sect

217 2135 304 2201 dicta
327 2136 425 2202 sunt?
470 2133 545 2202 Non
569 2135 737 2201 dubitatur
761 2133 799 2200 de
823 2135 906 2200 uolt
928 2133 994 2218 apd
1016 2133 1088 2199 ert:
1110 2154 1167 2198 cur
1190 2133 1363 2200 nemodum

218 2245 368 2326 correpta
395 2243 460 2308 daed
487 2243 561 2308 duct
587 2243 682 2326 copitd
703 2242 825 2326 postult
852 2241 952 2307 censet
978 2239 1087 2306 aaut
1110 2239 1270 2324 protulit?
1316 2239 1363 2306 Vt

218 2371 283 2414 uno
308 2350 404 2415 verbo
428 2349 547 2415 dicam:
579 2349 619 2414 in
642 2349 815 2416 vocalem
844 2351 1028 2414 exeuntes
1057 2347 1261 2414 verborum
1282 2348 1362 2415 for·

218 2479 297 2522 mas
326 2455 514 2522 iambicas
545 2455 708 2541 quaslibet
737 2459 825 2522 vitae
853 2454 1051 2522 consuetudo
1079 2477 1178 2541 passa
1201 2459 1251 2520 est
1279 2477 1363 2522 cor·

218 2566 327 2647 repta
350 2563 487 2630 ultima
509 2563 725 2647 pronuntiari.
753 2564 859 2648 Atque
882 2563 944 2630 hoe
966 2562 1048 2628 illud
1072 2565 1131 2646 est,
1155 2562 1241 2648 quod
1265 2585 1363 2649 supra

219 2669 398 2754 significavi
429 2669 633 2735 verborum
665 2668 862 2735 limitibus
895 2669 1054 2734 finitum
1086 2691 1106 2734 a
1138 2670 1363 2736 nominibus

219 2775 384 2842 excludi:
407 2776 472 2840 nisi
496 2777 580 2861 quod
604 2777 710 2842 solum
735 2799 773 2842 cx
797 2776 948 2842 omnibus
971 2775 1101 2841 casibus
1124 2775 1363 2842 nominativum

219 2881 334 2947 tertiae
363 2881 588 2948 declinationis
616 2883 650 2948 in
678 2903 696 2947 o
724 2883 922 2972 desinentem
950 2884 984 2948 in
1012 2883 1144 2948 illorum
1174 2883 1363 2949 societatem

221 2989 358 3055 ascitum
382 2987 452 3056 esse
475 2991 577 3056 homo
601 3012 663 3056 vox
686 2989 839 3075 ostendit,
862 2990 1053 3076 saepissime
1077 2993 1226 3074 correpta
1248 2989 1364 3056 ultima

219 3096 336 3180 posita.
359 3096 481 3162 Verum
494 3119 672 3182 numquam
691 3097 870 3182 pyrrhichii
889 3117 1072 3162 mensuram
1086 3097 1138 3160 vel
1156 3117 1244 3161 neno
1256 3117 1364 3176 amno,

220 3203 271 3269 vel
295 3203 357 3270 loco
380 3209 462 3270 melu
477 3206 571 3288 prolu
594 3210 628 3271 et
650 3205 770 3270 similia
794 3208 952 3291 aequant:
975 3225 1051 3269 narn
1075 3204 1161 3288 qnod
1184 3203 1301 3270 Bacch.
1326 3203 1366 3289 V,

220 3311 251 3394 2,
264 3311 306 3375 47
330 3310 500 3396 legebatur
516 3313 627 3394 probrt
644 3313 840 3395 perlecebrae,
862 3316 939 3397 post
961 3313 1162 3397 praeclaram
1184 3310 1364 3378 Hermauni

220 3416 478 3484 emendationem
501 3438 566 3482 non
590 3419 663 3502 plns
688 3419 774 3484 valet
798 3441 894 3504 quam
917 3440 1021 3503 pauca
1043 3418 1201 3504 quaedam
1223 3417 1275 3482 vel
1299 3439 1364 3484 am·

221 3523 321 3608 bigua
338 3523 390 3588 vel
404 3524 524 3590 vitiosa
544 3525 619 3610 alia,
642 3548 659 3590 e
678 3547 815 3611 quorum
832 3546 967 3591 numero
986 3525 1051 3592 iam
1070 3546 1170 3610 supra
1187 3523 1364 3592 exemimus

221 3631 268 3694 eri
289 3631 368 3695 meri
389 3632 461 3697 caui
483 3653 548 3696 nna
571 3654 644 3697 cum
665 3633 733 3699 seui
754 3633 838 3698 domi
861 3631 936 3698 tono
954 3633 1048 3711 nudi,
1070 3631 1149 3698 item
1172 3653 1252 3698 nouo
1270 3631 1365 3712 breui,

220 3737 297 3803 hinc
327 3736 527 3804 alienissima
554 3738 677 3822 omnia,
710 3738 858 3825 quamvis
887 3762 906 3803 a
932 3739 1126 3824 quibusdam
1150 3743 1269 3804 temere
1292 3761 1364 3823 per·

221 3844 318 3910 mista
340 3847 439 3929 atque
463 3844 606 3910 contusa.
650 3844 755 3931 Ergo,
784 3845 863 3911 illuc
885 3850 922 3910 nt
945 3846 1088 3930 redeam,
1111 3868 1178 3912 non
1202 3867 1240 3910 ex
1264 3845 1364 3930 impe-

220 3951 317 4016 rativi
340 3951 547 4038 potissimum
570 3945 689 4017 natura
711 3951 920 4037 repetendum
943 3953 1095 4036 estquod
1115 3953 1276 4037 corripere
1294 3953 1365 4018 uide

220 4059 291 4124 aaa
313 4061 346 4122 et
368 4059 475 4123 cetera
497 4057 603 4142 licuit,
632 4056 688 4122 sed
712 4079 729 4123 e
752 4057 943 4144 prosodiaea
965 4061 1084 4122 natura
1106 4061 1291 4142 temporum
1315 4059 1363 4124 vel

221 4165 391 4230 modorum
414 4165 640 4250 quorumlibet.
673 4166 721 4230 Ac
740 4187 781 4231 ne
800 4165 928 4250 saepius
951 4163 1081 4248 quidem
1104 4186 1201 4249 quam
1224 4165 1364 4250 reliquas

221 4271 344 4336 formas
371 4271 462 4336 verbi
489 4272 579 4354 ipsos
607 4293 678 4337 esse
705 4271 916 4356 imperativus
945 4275 1111 4356 correptos
1138 4270 1215 4336 hinc
1242 4270 1365 4336 intelle·

222 4377 323 4463 gitur,
349 4376 435 4462 quod
464 4379 521 4442 aut
548 4377 647 4443 latiu‘s
672 4381 816 4443 autnon
840 4377 947 4442 minus
970 4376 1037 4442 late
1060 4377 1185 4460 primae
1207 4397 1365 4462 personae

311 4519 339 4585 *)
358 4515 413 4587 [Gi.
433 4516 535 4586 Opnse.
555 4515 624 4588 phil.
644 4517 684 4573 lv
701 4535 729 4588 p.
749 4521 864 4586 402sq.;
885 4517 910 4571 ΙΙ
929 4514 1015 4588 praef.
1034 4533 1061 4589 p.
1081 4515 1123 4589 x.]
