3306 5070
295 396 359 458 714
520 412 753 460 nnrmmscun
778 400 997 479 arsemina,
1020 412 1212 479 nonnssnrv,

852 556 882 620 b.

383 696 614 762 Vniversitatis
645 696 839 762 Friderieiae
873 697 1065 762 Guilelmiae
1097 697 1273 762 Rhenanae
1291 696 1302 780 ΙΙ
1319 697 1437 763 Rector

293 808 327 868 et
341 801 480 868 Senatus
493 802 502 891 l}
519 803 662 869 Civibus,
679 805 690 887 ΙΙ
707 802 903 868 Meministis
919 826 1016 888 quam
1031 803 1165 868 insolita
1178 803 1310 868 licentia
1327 825 1435 868 mense

293 909 442 994 Augusto
470 911 566 975 huius
595 911 671 974 anni
695 932 768 974 cum
792 909 901 994 legum
924 899 1112 974 auctoritati
1136 914 1205 974 tum
1229 932 1355 975 morum
1379 910 1435 975 ho-

292 1017 412 1080 nestati
436 1039 455 1080 a
478 1017 590 1082 multis
614 1020 758 1082 vestrum
782 1016 913 1080 illusum
938 1017 995 1080 sit:
1019 1039 1116 1101 quam
1135 1017 1282 1082 effrenati
1305 1039 1363 1101 per
1386 1039 1435 1082 ur-

293 1122 343 1186 bis
375 1123 463 1188 vicos
494 1123 654 1188 tumultus
686 1124 837 1187 nocturni
871 1121 961 1187 editi:
999 1145 1097 1207 quam
1130 1123 1293 1188 obstinate
1326 1123 1436 1189 debita

245 1209 254 1220 ⁸
294 1228 540 1313 magistratibus
572 1228 764 1294 academicis
795 1229 1000 1295 oboedientia
1027 1229 1161 1294 omissa:
1199 1235 1321 1314 quanta
1347 1235 1435 1314 petu-

291 1333 396 1399 lantia
428 1357 592 1400 carcerum
623 1335 826 1420 publicorum
859 1334 985 1400 foribus
1015 1335 1156 1399 effractis
1185 1340 1336 1420 eruptum
1366 1359 1436 1402 eva-

292 1462 434 1525 eumque.
481 1441 563 1506 'Pam
590 1442 724 1528 indigna
752 1441 992 1506 existimatione
1021 1445 1130 1505 vestra
1157 1440 1301 1506 facinora
1329 1443 1435 1508 nobis-

292 1568 364 1610 eurn
397 1547 589 1633 intellegitis
621 1571 685 1614 non
718 1549 850 1632 impune
882 1548 987 1611 licere.
1035 1546 1242 1632 Quapropter
1271 1571 1342 1614 curn
1371 1551 1436 1615 alia

293 1653 431 1718 aliorum
455 1659 489 1720 et
512 1655 608 1740 culpa
630 1659 663 1720 et
685 1675 791 1739 poena
813 1653 926 1737 fuerit,
949 1657 1018 1718 tum
1041 1653 1075 1718 in
1099 1654 1179 1719 duos
1203 1660 1347 1720 vestrum
1370 1679 1435 1722 non

292 1761 456 1842 potuimus
480 1761 558 1846 quin
582 1784 620 1826 ea
643 1761 816 1826 severitate
840 1760 1177 1846 animadverteremus,
1201 1767 1322 1847 quaet
1345 1762 1436 1827 iusti·

292 1865 356 1930 tiae
380 1867 588 1935 sanctitudini
618 1874 650 1933 et
677 1868 826 1952 publicae
855 1867 1021 1932 securitati
1050 1871 1083 1931 et
1111 1867 1312 1934 academicae
1336 1868 1435 1933 saluti

291 1972 505 2057 insigniorem
533 1975 567 2039 in
596 1975 727 2040 modum
756 1975 836 2039 satis
863 1975 962 2039 fieret.
1015 1973 1103 2039 Scire
1131 1973 1233 2058 igitur
1260 1996 1318 2039 vos
1347 1976 1434 2040 volu·

290 2101 361 2144 mus
379 2081 390 2162 ll
408 2078 444 2145 O.
468 2081 505 2145 A.
530 2082 567 2146 A.
592 2081 627 2146 G.
652 2079 923 2165 Confluentinum,
946 2081 1024 2146 iuris
1049 2079 1231 2146 studiosum
1246 2079 1288 2146 'ct
1312 2080 1435 2147 C.L.S.

291 2184 495 2272 Brigensem,
527 2189 606 2253 item
637 2187 819 2252 studiosum
850 2187 943 2269 iuris,
966 2188 976 2270 ΙΙ
999 2209 1079 2272 quos
1109 2187 1142 2251 in
1173 2187 1308 2252 ducibus
1338 2192 1435 2272 atque

292 2293 514 2378 antesignanis
542 2295 710 2360 turbarum
739 2295 868 2358 illarum
896 2293 996 2358 fuisse
1024 2293 1241 2358 intelleximus
1270 2299 1435 2360 contuma-

291 2399 422 2484 ciaeque
442 2405 474 2464 et
492 2403 667 2486 magistros
688 2405 722 2466 et
735 2401 865 2466 eosdem
880 2400 1087 2464 administros
1106 2401 1297 2485 praecipuos
1316 2421 1435 2485 cogno·

292 2507 408 2590 vimus,
438 2506 500 2571 hac
530 2508 740 2572 universitate
769 2528 911 2592 agroque
933 2507 1098 2573 Bonnensi
1122 2531 1141 2572 a
1167 2508 1261 2572 nobis
1288 2509 1434 2574 exclusos

293 2635 363 2677 esse
392 2617 490 2699 atque
519 2615 552 2678 in
579 2617 772 2698 perpetuum
796 2615 971 2699 relegatos:
1006 2614 1258 2698 confidimusque
1281 2637 1346 2679 non
1371 2637 1434 2680 me-

291 2719 433 2784 diocrem
457 2724 490 2784 et
513 2719 787 2785 commendandae
810 2720 1012 2784 innocentiae
1037 2725 1069 2784 et
1091 2719 1235 2784 libidinis
1258 2721 1434 2806 reprimen-

291 2827 349 2890 dae
374 2826 439 2890 vim
463 2827 564 2891 talem
588 2826 768 2911 castigandi
792 2827 1018 2891 necessitatem
1041 2826 1235 2892 habituram.
1266 2826 1434 2893 Dabamus

291 2933 424 2998 Bonnae
447 2931 519 2998 Kal.
541 2932 617 2998 Dec.
641 2955 667 2998 a.
693 2949 906 3000 emmeccnn.

743 3169 980 3178 ——a———

838 3324 888 3388 16.

307 3462 458 3528 Proben
482 3464 546 3528 der
569 3464 748 3529 Anreden
776 3487 823 3529 an
850 3464 910 3528 die
935 3463 1148 3531 Studenten
1172 3488 1229 3529 arn
1253 3464 1413 3531 Schluss

456 3569 521 3634 der
544 3569 771 3634 Prooemien
794 3570 859 3635 der
883 3569 1265 3656 Lectionskataloge.
1327 3599 1336 3608 ‘

408 3779 442 3871 a)
466 3783 520 3848 Im
544 3783 783 3849 Prooemium
812 3785 876 3849 des
901 3783 1143 3851 Wintersom.
1169 3785 1316 3870 1839s40

584 3923 844 4012 (gnomologium
867 3924 1142 4012 Vindobonense).

380 4067 503 4143 Quodsi
527 4089 564 4131 ex
587 4071 680 4132 tanta
703 4071 859 4152 quantam
882 4067 1161 4134 eVindobonensi
1184 4068 1293 4133 codice
1316 4091 1433 4155 propo·

290 4174 411 4238 suimus
435 4177 680 4257 praeceptorum
703 4174 912 4238 multitudine
935 4196 1036 4239 unum
1059 4175 1161 4258 vobis,
1184 4174 1433 4260 commilitones,

289 4278 578 4344 commendandum
606 4281 649 4345 sit
671 4284 800 4363 praeter
823 4283 930 4345 cetera
952 4302 1020 4345 non
1043 4281 1223 4345 invenimus
1248 4281 1333 4364 quod
1355 4281 1433 4346 huie

289 4385 360 4448 loco
389 4385 497 4466 aptius
526 4386 582 4450 illo
611 4387 654 4450 sit
676 4387 843 4470 praeclaro
866 4387 1091 4471 pronuntiato:
1128 4387 1159 4451 οἱ
1182 4389 1432 4466 πεπαιδευμένοι

288 4489 384 4552 τόεον
413 4493 597 4569 διαφέρουει
628 4497 694 4557 τῶν
722 4492 925 4558 ἀπαιδεύτων
952 4491 1029 4558 δεον
1057 4495 1130 4560 θεόε
1159 4497 1225 4557 τῶν
1248 4491 1431 4572 ἀνθρώπων
