3302 5076
320 357 385 422 674
695 373 930 422 osnnrurscnn
954 374 1081 422 sunnia

319 517 387 582 sius
412 517 569 600 estquod
594 500 692 582 etiam
716 518 920 582 voluntatem
947 517 1157 601 languescere
1180 516 1288 583 fassus
1312 540 1400 604 sum,
1432 519 1467 584 id

319 623 405 707 quod
427 622 561 688 minime
584 624 618 688 in
642 624 794 708 segniora
812 626 940 688 tantum
959 626 993 688 et
1011 623 1182 708 ignaviora
1200 624 1332 710 ingenia
1349 624 1466 692 cadere

319 730 487 816 contendo,
510 730 566 795 sed
590 731 699 815 aliqua
723 752 761 795 ex
785 733 887 813 parts,
910 733 947 794 ut
969 751 1080 795 sumus
1102 729 1265 814 homines,
1287 732 1322 796 in
1345 731 1465 816 omnia,

318 836 417 901 etiarn
447 857 558 901 eorum
588 836 659 920 qui,
694 858 758 920 quo
786 840 932 920 tempore
960 835 994 900 in
1017 836 1184 901 iuventute
1207 836 1270 922 ipsi
1293 837 1465 904 constituti

316 942 414 1028 fuere,
438 943 665 1009 incitatissimo
689 943 797 1009 studio
818 945 851 1006 et
869 942 995 1009 fervore
1014 942 1267 1027 flagrantissimo
1287 944 1465 1010 informan-

317 1049 430 1115 dorum
459 1049 714 1115 adulescentium
743 1071 859 1134 operae
891 1070 961 1114 sese
985 1048 1184 1114 dediderunt.
1228 1049 1320 1116 Licet
1342 1051 1375 1116 in
1398 1049 1463 1117 hoc

316 1156 426 1222 dolere
455 1156 598 1222 indolem
625 1157 787 1222 humanae
819 1160 972 1238 naturae,
1003 1177 1071 1221 non
1100 1156 1178 1221 licet
1208 1157 1347 1242 culpare.
1392 1155 1463 1222 Nec

316 1263 364 1328 vis
383 1266 510 1328 tantum
531 1263 785 1348 consuetudinis,
808 1262 965 1328 novitatis
983 1261 1124 1347 gratiam
1144 1284 1304 1329 annorum
1324 1261 1461 1327 decursu

316 1368 461 1434 eruentis
485 1374 518 1434 ot
541 1370 826 1438 incitamentorum
849 1369 1012 1434 illecebris
1041 1369 1193 1452 carentis,
1226 1369 1293 1435 sive
1317 1371 1383 1434 vim
1412 1370 1461 1434 in·

317 1476 416 1540 ertias
449 1475 555 1540 dicere
587 1477 754 1542 tralaticio
787 1477 919 1541 nomine
952 1475 1068 1559 males,
1099 1474 1179 1540 illud
1208 1475 1307 1541 efficit
1335 1481 1373 1542 ut
1395 1477 1462 1542 leni

315 1601 490 1666 progressu
508 1581 675 1647 fastidium
697 1581 858 1667 quoddam
876 1581 1013 1647 docendi
1023 1582 1256 1666 'subnasoatuq
1272 1582 1328 1647 sed
1347 1582 1461 1649 eodem

315 1686 404 1751 aliud
428 1686 621 1754 desiderium
646 1689 734 1754 valet
757 1694 791 1754 et
814 1688 846 1753 id
869 1688 998 1774 quidem
1022 1688 1271 1754 nobilissimum
1307 1687 1382 1756 Non
1406 1690 1461 1754 de-

315 1815 458 1859 crescere
486 1794 588 1878 enim,
620 1793 676 1859 sed
704 1815 847 1860 erescere
874 1793 944 1878 ipse
972 1795 1006 1858 in
1035 1795 1129 1860 nobis
1158 1794 1339 1861 litterarum
1368 1818 1462 1862 annor

192 1889 196 1896 ⁸
315 1901 409 1984 solet,
431 1921 574 1966 crescere
598 1901 633 1966 in
657 1901 725 1966 dies
748 1901 798 1966 vel
823 1901 965 1966 certain
989 1902 1135 1988 singulos
1155 1924 1257 1967 annos
1276 1895 1459 1969 litterarum

315 2012 428 2074 nostra
455 2009 601 2094 ipsorum
628 2009 789 2076 industria
816 2007 1050 2095 augendarum,
1078 2031 1136 2074 neo
1164 2031 1219 2075 ore
1241 2013 1369 2076 tantum
1391 2013 1461 2075 tra·

314 2114 505 2200 dandarum,
533 2116 588 2180 sed
612 2116 741 2201 seriptis
764 2113 1070 2200 promovendorum,
1093 2114 1263 2201 laudisque
1287 2137 1325 2180 ex
1349 2137 1387 2180 ea
1410 2116 1460 2181 in·

315 2222 441 2288 dustria
469 2223 670 2307 quaerendae
698 2226 731 2288 et
757 2221 897 2298 nominis
926 2221 1101 2288 memoriae
1129 2221 1367 2289 conservandae
1390 2241 1458 2287 non

313 2329 459 2412 profecto
482 2329 639 2414 ignobilis
663 2329 832 2414 cupiditas.
864 2328 925 2393 His
946 2332 1054 2394 autem
1074 2329 1160 2394 rotis
1179 2331 1213 2394 et
1230 2327 1373 2394 consiliis
1397 2351 1458 2396 suo

314 2457 472 2519 quemque
496 2436 642 2520 exemplo
667 2438 833 2521 expertum
857 2455 928 2500 esse
951 2435 1060 2518 paullo
1089 2434 1325 2520 provectiorem
1349 2437 1458 2500 aetate

314 2541 459 2624 suspicor
486 2563 583 2625 quam
612 2542 822 2608 adversentur
849 2541 918 2606 eius
942 2541 1138 2607 condicionis
1161 2541 1305 2607 rationes
1329 2542 1458 2606 univer·

313 2668 382 2731 sae,
412 2647 447 2712 in
480 2669 544 2732 qua
576 2649 795 2732 professorum
827 2651 861 2712 et
890 2669 1001 2712 eorum
1032 2648 1161 2732 quidem
1190 2669 1256 2714 non
1286 2668 1306 2712 a
1334 2646 1457 2712 scholis

313 2754 512 2838 vacantium,
541 2756 598 2821 sed
624 2776 738 2840 reapse
765 2753 950 2819 docentium
978 2754 1151 2820 multitudo
1179 2755 1359 2821 constituta
1382 2775 1453 2820 esse

313 2862 405 2927 solet.
452 2858 514 2936 Qui
542 2883 604 2946 quo
632 2863 705 2946 plus
734 2861 833 2926 studii
862 2863 895 2925 et
918 2882 1034 2944 operae
1057 2861 1091 2925 in
1115 2861 1324 2927 informanda
1346 2861 1458 2926 iuren-

311 2971 382 3035 tute
405 2973 611 3052 consumunt,
638 2971 731 3033 tanto
755 2967 862 3032 minus
886 2966 948 3031 sibi
973 2970 1006 3031 et
1028 2967 1145 3032 virium
1169 2971 1202 3032 et
1224 2967 1285 3032 otii
1307 2968 1455 3032 relictum

313 3074 433 3158 dolent,
458 3096 522 3160 quo
545 3076 626 3161 ipsis
650 3075 770 3141 litteris
793 3074 930 3159 prosint.
962 3074 1230 3159 (incitatam,
1253 3073 1308 3160 qui
1327 3096 1455 3142 summo

312 3182 511 3248 audientium
535 3183 653 3267 plausu
676 3183 824 3248 doctores
847 3181 1082 3266 suspiciuntur,
1105 3202 1202 3264 saepe
1225 3180 1315 3247 nullo
1338 3182 1373 3246 in
1395 3205 1455 3247 nu-

312 3287 400 3354 mero
429 3288 480 3353 vel
507 3310 622 3373 parum
650 3289 809 3354 librorum
835 3288 961 3354 feraces
985 3287 1160 3372 scriptores
1184 3287 1263 3354 sint:
1296 3291 1366 3372 aut,
1398 3287 1455 3372 qui

312 3397 345 3460 in
372 3394 435 3460 hoc
462 3414 581 3480 genere
609 3396 690 3461 bene
718 3396 758 3461 de
780 3393 947 3480 republica
971 3393 1133 3459 litteraria
1155 3398 1315 3480 mereant,
1346 3395 1455 3460 desint

311 3501 430 3568 sobolis
454 3504 487 3565 et
509 3501 688 3568 auditoriis.
720 3501 766 3567 Et
788 3506 899 3567 tamen
921 3504 1095 3586 utrumque
1118 3520 1221 3586 genus
1244 3501 1316 3586 pari
1339 3505 1372 3565 et
1390 3501 1454 3566 uti-

311 3608 405 3673 litate
424 3611 458 3673 et
470 3609 663 3674 necessitate
677 3607 800 3673 censeri
817 3607 851 3672 in
870 3607 1017 3674 confesso
1037 3628 1107 3672 esse
1125 3610 1291 3692 putamus,
1314 3607 1451 3692 parique

309 3717 378 3780 iure
401 3715 527 3781 litteras
550 3717 587 3778 ut
609 3715 671 3782 sibi
695 3715 834 3780 satisfiat
857 3736 955 3800 quam
978 3713 1123 3779 scholam
1146 3714 1304 3800 flagitare.

398 3821 453 3907 At,
480 3820 576 3887 audio
603 3821 703 3906 enim,
735 3821 814 3886 illud
843 3821 949 3905 ipsum
976 3819 1228 3906 haudquaquam
1249 3821 1453 3905 propositum

309 3933 359 3994 est
381 3927 647 4006 universitatibus
673 3949 846 4012 earumque
870 3925 1059 3993 doctoribus
1082 3928 1248 4012 tamquam
1272 3925 1347 3991 finis
1365 3927 1453 4012 prin·

245 4087 248 4092 .
309 4037 439 4122 cipalis,
463 4039 500 4100 ut
522 4034 704 4100 litterarum
728 4035 840 4100 florem
864 4036 1019 4117 augeant:
1052 4054 1148 4119 posse
1170 4032 1233 4100 hoc
1254 4055 1321 4099 non
1345 4034 1454 4118 inepte

308 4142 458 4208 accedere
481 4145 518 4206 ut
540 4141 765 4207 secundarium
788 4145 822 4205 et
844 4139 1071 4226 adventicium,
1094 4139 1150 4207 sed
1168 4139 1359 4227 primarium
1380 4139 1452 4207 offi-

308 4249 393 4314 cium
422 4270 506 4332 esse,
535 4269 726 4314 conservare
754 4249 819 4313 iam
847 4246 963 4312 effecta
991 4248 1173 4312 litterarum
1196 4246 1395 4312 incrementa
1418 4251 1452 4312 et

308 4356 373 4420 iam
397 4355 583 4440 praesentia
605 4355 738 4420 inventa
760 4374 949 4439 propagare.
972 4351 1038 4420 Vbi
1061 4353 1163 4439 igitur
1185 4352 1250 4437 ipsi
1272 4353 1356 4417 fiunt
1376 4376 1451 4439 pro·

308 4462 464 4544 gressus?
489 4461 613 4537 Quibus
632 4459 763 4526 tandem
781 4460 940 4526 debentur
958 4461 1092 4526 inventa
1109 4460 1166 4525 illa
1185 4463 1218 4524 et
1230 4457 1452 4525 incrementa?
