3332 5074
547 417 811 464 snunnsurcnrs
837 419 1043 464 astruemus.
1302 403 1364 466 471

223 585 299 628 nam
327 562 485 627 absonum
515 565 565 626 est
588 561 627 624 de
652 560 772 626 amsa
794 561 949 646 cogitare.
994 560 1152 626 Vitiosior
1175 562 1275 626 etiam
1299 559 1367 624 Mil.

223 667 284 754 III,
311 671 337 754 1,
361 670 403 733 36
428 668 593 750 geminum
617 671 829 751 anapaestum
854 667 1016 752 excipiens
1041 668 1216 751 spondeus:

312 809 406 876 Clare
430 811 531 875 oculis
554 810 663 892 uideo,
686 807 801 893 pernix
824 831 910 893 sum,

222 955 277 1020 ubi
300 975 370 1020 nrm
386 954 502 1036 perna
524 952 817 1038 transponendum:
850 951 996 1018 omnium
1020 957 1129 1018 autem
1153 953 1307 1036 maxime,
1339 952 1366 1016 si

222 1085 317 1148 quem
341 1062 458 1150 horum
482 1081 613 1124 sensum
636 1059 751 1143 habeo,
774 1057 997 1124 intolerabiles
1020 1058 1054 1124 hi
1078 1057 1366 1124 accentusrssacan.

221 1168 288 1234 394
311 1169 420 1250 [426];

311 1257 396 1339 sinte
421 1275 523 1340 solem
547 1274 730 1339 manem
753 1273 816 1338 nisi
840 1269 874 1338 in
897 1273 1096 1358 palaestram
1119 1276 1268 1338 ueneras:

221 1418 275 1502 qui
299 1440 410 1482 versus
433 1414 507 1481 vide
529 1420 651 1500 quanto
674 1416 778 1482 lenius
803 1417 894 1482 velut
917 1416 963 1480 sic
986 1415 1079 1480 fluat:

310 1542 397 1626 llnte
421 1560 522 1626 solem
545 1557 610 1624 nisi
633 1564 670 1624 tu
693 1559 875 1624 acoricrriem
897 1556 932 1623 in
956 1582 986 1643 p.
1011 1582 1039 1622 u.

311 1703 480 1767 Postremo
509 1702 656 1786 primus
685 1705 775 1785 post
802 1702 989 1766 creticum
1017 1723 1083 1785 pes
1114 1724 1179 1767 non
1209 1702 1366 1768 minorem

222 1831 319 1894 quam
342 1810 377 1874 in
400 1809 481 1893 ipsis
505 1809 642 1874 senariis
666 1807 856 1874 varietatem
880 1808 1014 1892 recepit:
1043 1829 1101 1872 nec
1124 1809 1176 1872 uel
1199 1809 1366 1874 tantillum

221 1916 439 2000 inelegantiac
464 1915 531 1980 sive
555 1915 731 1998 spondiaco
754 1915 821 1978 sive
845 1916 1054 1998 anapaestico
1077 1935 1137 1978 vox
1162 1915 1229 1978 illie
1247 1915 1367 1980 habere

221 2023 292 2086 visa
315 2025 379 2106 est,
412 2026 447 2086 ut
475 2022 542 2086 ulla
565 2043 717 2106 umquam
741 2043 831 2103 cura,
865 2020 962 2085 etiam
987 2021 1043 2086 ubi
1067 2021 1180 2084 liceret
1202 2020 1366 2102 facillime,

222 2129 326 2194 vitata
349 2129 401 2194 sit.
435 2129 503 2194 Nec
527 2129 658 2194 omnino
682 2129 793 2214 fugere
817 2150 1011 2212 quamquam
1037 2131 1153 2212 potest,
1177 2132 1366 2192 accentuum
1489 2159 1493 2166 -

221 2239 254 2300 et
281 2258 488 2300 numerorum
516 2237 781 2320 repugnantiam,
818 2235 858 2299 ab
887 2236 960 2318 ipsa
982 2221 1173 2300 necessitate
1197 2234 1282 2319 apud
1304 2234 1366 2298 hos

219 2347 333 2426 poetas
352 2341 533 2425 profectam
553 2347 586 2407 et
604 2348 771 2426 tamquam
790 2342 902 2407 invitis
922 2363 1116 2426 concessam,
1135 2339 1256 2406 eisdem
1276 2341 1366 2425 paul·

219 2451 313 2516 latim
337 2451 370 2516 in
393 2452 597 2534 voluptatem
621 2449 755 2514 vertisse
780 2453 812 2514 et
835 2451 941 2514 multo
959 2449 1050 2534 prius
1068 2472 1134 2514 non
1152 2447 1363 2514 mediocrior

220 2562 312 2641 parte
345 2557 477 2643 probari
510 2561 658 2640 coeptam
692 2579 763 2622 esse
795 2561 832 2621 ut
865 2557 984 2642 aliquid
1013 2559 1138 2642 gratiae
1166 2559 1365 2640 afferentem,

220 2687 316 2749 quam
341 2666 373 2729 in
398 2669 519 2729 certam
544 2663 808 2728 cousuetudinem
833 2663 901 2728 eius
925 2665 1045 2729 aetatis
1069 2664 1184 2747 abiret,
1207 2687 1289 2750 quae
1313 2685 1514 2729 err-ccxxxrx

219 2773 342 2838 cultam
365 2776 399 2836 et
416 2771 457 2836 ad
476 2772 584 2856 legum
604 2773 822 2836 constantiam
841 2775 1026 2836 revocatam
1047 2771 1246 2856 syllabarum
1266 2795 1364 2856 quan-

219 2882 347 2946 titatem
379 2879 484 2944 solam
516 2885 627 2942 secuta
657 2882 715 2942 est.
767 2877 854 2954 Quae
885 2877 1024 2942 mutatio
1052 2900 1110 2961 per
1137 2901 1217 2962 quos
1246 2877 1364 2963 gradus

219 3007 393 3071 progressa
418 2984 470 3068 sit,
494 2985 598 3049 altera
621 3007 658 3049 ex
682 2987 775 3068 parte
799 2983 872 3048 finis
897 3005 1058 3070 versuum,
1082 2984 1186 3049 altera
1205 3007 1243 3047 ex
1262 2989 1364 3069 parte,

219 3093 274 3157 sed
298 3091 425 3158 diversa
447 3090 584 3174 ratione,
608 3090 782 3156 eorundem
806 3089 935 3155 initium
959 3091 1116 3156 ostendit:
1149 3091 1364 3156 luculentissi-

219 3222 273 3265 mo
306 3203 414 3263 antem
446 3197 638 3262 documento
669 3197 814 3280 ipsorum
847 3197 980 3262 initium
1013 3197 1270 3281 septenariomm
1304 3204 1363 3263 est.

218 3305 319 3370 Velut
341 3304 426 3389 quod
450 3304 546 3370 modo
570 3304 730 3388 dicebam,
759 3327 798 3368 ue
823 3304 963 3368 voluisse
987 3303 1116 3394 quidem
1140 3309 1263 3370 veteres
1287 3305 1362 3370 illos

219 3412 394 3494 spondiaca
425 3411 475 3474 vel
507 3410 715 3493 anapaestico
745 3411 902 3477 voeabula
931 3411 1077 3496 proximo
1105 3415 1181 3496 post
1209 3413 1361 3478 creticum

218 3519 290 3582 loco
314 3519 428 3601 vitare,
451 3517 540 3582 velut
563 3516 651 3581 Triu.
674 3516 752 3581 855:

309 3660 476 3737 Quomodo
501 3660 640 3744 quidque
663 3661 795 3741 operata:
819 3681 905 3724 nunc
929 3661 1008 3725 adeo
1058 3712 1064 3723 .
1125 3713 1131 3724 .
1192 3713 1198 3725 .
1259 3713 1265 3724 .

218 3801 250 3868 id
273 3803 421 3886 plurimis
445 3803 610 3887 exemplis
625 3801 821 3887 perspicitur
844 3801 1028 3868 huiusmodi
1053 3802 1154 3888 (Trin.
1174 3806 1248 3870 843.
1268 3804 1362 3889 848);

306 3943 392 4012 Huic
415 3967 476 4031 ego
500 3946 550 4011 die
571 3947 576 4028 Ι
595 3947 705 4012 nomen
728 3945 918 4010 Trinummo
992 3997 1264 4008 .....

307 4051 390 4129 Quia
413 4075 475 4139 ego
497 4075 581 4118 nunc
602 4053 607 4138 Ι
626 4053 749 4136 sanos
771 4053 871 4116 trium
894 4073 1062 4116 nummum
1124 4103 1130 4114 .
1190 4103 1196 4114 .
1257 4102 1262 4114 .

219 4194 378 4272 Quantilli
411 4195 495 4258 enim
526 4192 634 4258 fuerat
666 4216 730 4260 non
763 4195 910 4278 neglecto
940 4197 1077 4262 ¹accentu
1110 4191 1190 4257 haec
1220 4193 1267 4257 sie
1298 4192 1360 4257 dis·

215 4323 349 4386 ponere:

304 4409 389 4474 Huic
413 4428 473 4492 ego
492 4407 602 4472 norm
624 4391 677 4474 die
700 4406 888 4472 Trinummo
924 4458 1263 4472 ......

304 4513 391 4600 Quia
414 4535 475 4598 ego
498 4513 621 4596 samer
642 4519 728 4602 nune
751 4516 1064 4616 triumnummnm.
1125 4563 1130 4576 .
1191 4566 1197 4577 .
1258 4565 1264 4577 .
