3332 5074
294 420 359 484 428
583 433 846 482 enonnoonsus
870 434 917 480 nn
941 433 1151 481 asmouravs

383 577 483 644 Setin’
507 598 568 662 ego
592 575 694 642 oculis
717 576 815 660 plana
837 577 949 641 nubo?
973 577 1055 641 e‘stne
1076 574 1169 660 bie*)
1200 597 1242 640 an
1272 597 1339 641 non
1370 575 1440 640 est?

932 684 960 748 is
984 687 1042 748 est.

135 811 304 853 ccxxxvnr
384 790 518 856 Miseria
553 813 618 855 una
653 789 711 854 uni
740 790 868 875 quidem
897 789 1055 855 hominist
1084 789 1217 870 ciffatim.
1251 787 1319 856 CH.
1347 791 1441 856 insuto

932 895 1008 962 huic
1031 900 1219 980 parumst:

293 1081 357 1142 quo
382 1080 476 1124 versu
500 1059 555 1144 qui
578 1058 684 1124 verbis
703 1057 913 1143 transpositis
932 1059 1026 1127 inraso
1047 1057 1119 1122 huic
1140 1063 1184 1122 est
1199 1078 1319 1140 porum
1341 1057 1441 1142 scrip-

294 1168 420 1248 serunt,
449 1169 621 1231 suaserunt
648 1165 733 1250 quod
764 1165 963 1230 concinnitas
993 1163 1158 1229 dissuadet
1182 1162 1268 1229 inter
1295 1164 1381 1230 hunc
1409 1169 1442 1230 et

293 1273 475 1358 proximum
506 1293 634 1336 versum
663 1271 877 1336 intercedens:
907 1271 994 1336 Nom
1022 1273 1051 1338 ai
1074 1293 1135 1354 pro
1159 1272 1294 1353 anua
1322 1277 1440 1336 centum

292 1383 521 1463 ducatricem,
537 1383 719 1461 porrcrast.
752 1375 881 1442 Servari
899 1377 1009 1442 hiatus
1029 1377 1128 1442 etiam
1147 1400 1175 1442 v.
1192 1378 1257 1442 790
1274 1381 1438 1462 potuerat:

382 1538 513 1603 Paterni
537 1537 666 1622 signum
688 1537 782 1602 adme.
806 1535 880 1601 Mu.
902 1538 995 1601 etium
1017 1540 1053 1600 tu
1077 1537 1188 1602 taces?

293 1700 357 1766 nisi
375 1705 443 1764 tam
463 1699 614 1784 frequens
632 1699 667 1762 in
686 1698 850 1763 codicibus
873 1719 961 1764 nosse
984 1702 1017 1762 et
1038 1700 1160 1763 nouisse
1184 1695 1236 1784 (ut
1250 1721 1278 1763 v.
1292 1693 1439 1786 957**)),

293 1807 379 1872 amre
402 1809 435 1870 et
457 1807 581 1870 :wenis
598 1801 650 1890 (ut
668 1826 696 1870 v.
715 1801 796 1888 952)
814 1803 994 1869 formarum
1012 1804 1211 1889 permutatio
1231 1809 1318 1870 esset
1337 1827 1438 1891 eaque

293 1915 328 1978 in
358 1918 529 1996 utramque
559 1915 685 1997 partem
717 1911 840 1994 valens,
872 1913 908 1974 ut
937 1909 1001 1974 ista
1032 1910 1160 1994 quidem
1192 1912 1245 1976 rix
1275 1912 1341 1976 ulla
1371 1934 1438 1976 mu-

293 2021 376 2086 tatio
401 2024 494 2084 esset.

382 2127 521 2192 Omnino
545 2125 630 2191 enim
655 2125 710 2209 qui
734 2129 821 2190 recte
845 2123 987 2189 iudicare
1011 2125 1050 2190 de
1072 2125 1165 2190 hiatu
1184 2127 1279 2210 volet,
1301 2125 1364 2191 hoc
1382 2125 1439 2191 im-

293 2235 407 2320 primis
431 2236 541 2298 teneat
564 2236 703 2317 oportet,
726 2254 791 2297 non
815 2231 960 2317 aliquam
981 2232 1178 2317 elegantiam
1199 2233 1324 2298 hiatum
1342 2233 1441 2298 iuter·

292 2341 485 2427 pretandum
513 2361 597 2423 esse,
629 2361 693 2423 qua
721 2337 874 2404 delectati
891 2339 970 2414 ,sint
996 2343 1114 2423 poetae
1142 2343 1174 2404 et
1204 2362 1302 2424 quam
1332 2338 1440 2404 dedita

292 2469 393 2530 ¹opera
415 2444 530 2510 sectati
555 2445 632 2528 sint,
660 2444 716 2510 sed
745 2445 909 2509 licentiam
938 2467 1034 2531 quam
1062 2445 1257 2511 indulserint
1279 2445 1356 2527 sibi,
1383 2445 1440 2510 ubi

292 2575 358 2618 non
380 2551 478 2616 nimis
501 2551 620 2616 habere
649 2535 837 2615 offensionis
866 2551 1037 2616 videretur.
1084 2548 1166 2616 Cum
1195 2555 1303 2616 autem
1331 2551 1438 2616 hiatus

292 2659 398 2726 omnis
421 2658 511 2723 nulla
533 2657 597 2722 alia
618 2657 654 2721 in
678 2679 711 2721 re
736 2657 895 2723 consistat
917 2658 981 2724 nisi
1004 2659 1037 2724 in
1068 2661 1247 2745 neglecta
1270 2657 1437 2742 contiguo·

292 2789 363 2831 rum
394 2763 626 2830 vocabulorum
657 2787 695 2828 ea
725 2763 792 2828 sive
823 2764 993 2830 elisione
1028 2766 1095 2830 sive
1125 2765 1341 2851 synaloepha,
1374 2787 1437 2850 qua

292 2873 373 2938 adeo
393 2871 572 2936 assuevisse
591 2870 737 2954 linguam
757 2869 894 2935 latinam
914 2871 1043 2955 scimus,
1065 2893 1153 2936 :mmo
1171 2878 1207 2936 ut
1225 2878 1288 2936 tum
1306 2873 1439 2936 nostine

292 2983 366 3044 essct
387 2979 441 3060 qui
463 2977 583 3041 uocales
604 2976 697 3040 nollet
718 2977 907 3060 couiuuqere,
930 2981 967 3041 ut
990 2982 1036 3041 ait
1059 2975 1172 3042 Cicero
1196 2977 1285 3042 Orat.
1309 2981 1336 3058 ᾖ.
1362 2979 1438 3042 150:

293 3083 501 3170 consequitur
530 3083 636 3147 minus
665 3081 852 3148 offensionis
881 3082 1008 3147 hiatum
1037 3083 1083 3147 ibi
1107 3079 1437 3166 habere„ubi'illius-

293 3191 380 3257 modi
413 3187 644 3274 synaloepham
676 3188 778 3272 ipsius
817 3188 923 3252 vocis
956 3210 1076 3272 pausa
1107 3193 1165 3253 aut
1197 3210 1262 3253 non
1294 3188 1439 3273 patiatur

292 3297 362 3363 fieri
385 3299 443 3361 ant
466 3295 609 3380 patiatur
631 3316 698 3360 non
717 3295 796 3359 fieri.
829 3294 1030 3379 Quamquam
1054 3294 1139 3359 banc
1158 3295 1345 3378 bipertitam
1365 3315 1438 3360 con·

293 3403 501 3487 secutionem,
524 3425 620 3487 quam
644 3401 850 3467 ratiocinatio
874 3401 1088 3485 commendat,
1111 3401 1277 3466 fatendum
1301 3406 1438 3467 estnon

293 3511 503 3594 comprobare
531 3531 634 3574 usum.
680 3507 766 3574 Nam
795 3511 831 3572 ut
858 3529 922 3573 uno
951 3509 1049 3574 verbo
1077 3509 1197 3593 dicam,
1227 3509 1325 3573 etiam
1356 3529 1437 3593 quae

292 3617 387 3683 nobis
410 3638 507 3703 quam
532 3615 671 3682 maxime
694 3614 877 3680 necessaria
900 3615 1046 3680 rideatur
1068 3615 1298 3699 pronuntiandi
1326 3638 1437 3700 pausa,

293 3725 402 3788 tamen
416 3723 644 3788 necessitatem
663 3721 790 3806 quidem
810 3721 1030 3807 neglegendae
1049 3722 1194 3788 elisionis
1214 3722 1266 3787 vix
1286 3744 1437 3807 umquam

381 4003 407 4074 *)
431 4004 521 4074 [apsus
543 4004 573 4058 in
596 4003 638 4058 ed.
662 4003 711 4058 alt.
737 4019 800 4057 cum
824 4003 877 4056 hac
907 4003 1102 4059 mactatione:
1134 4004 1228 4074 ‘ipsus
1249 4004 1339 4072 1301),
1361 4005 1438 4058 recte

292 4093 440 4163 probatum
460 4109 478 4146 a
496 4091 675 4148 l'leckeiseno
693 4094 764 4147 Anu.
780 4090 849 4160 phil.
860 4093 880 4147 t.
896 4097 929 4146 93
949 4093 984 4160 (a.
1001 4093 1081 4158 1866)
1100 4110 1127 4162 p.
1148 4099 1191 4149 61.
1211 4094 1255 4149 bic
1273 4093 1309 4160 A,
1327 4093 1438 4163 praeter

293 4198 399 4237 moram
417 4181 593 4238 Plautinum:
613 4197 663 4252 pro
683 4197 737 4250 qno
756 4182 781 4236 is
799 4180 1003 4236 substituebant
1022 4181 1131 4252 Proleg.
1152 4200 1180 4252 p.
1199 4181 1366 4252 noemm’]

366 4274 408 4338 **)
429 4271 481 4343 [Cf.
497 4269 670 4326 Fleckeiseni
684 4269 718 4322 de
737 4283 814 4323 nosse
831 4283 935 4322 cosona
952 4267 1042 4324 lorma
1058 4285 1115 4324 non
1129 4269 1260 4324 Plautina
1279 4268 1437 4324 observatio

295 4359 378 4426 (Ann.
393 4359 462 4429 phil.
477 4363 498 4415 t.
513 4365 546 4414 95
562 4362 597 4428 [a.
614 4359 694 4429 1867]
709 4375 737 4427 p.
753 4361 805 4411 632
820 4351 907 4426 ann),
926 4373 983 4426 qua
1000 4357 1099 4412 duatus
1117 4357 1288 4413 Ritsehelius
1305 4358 1335 4414 in
1348 4355 1438 4412 'l'rin⁸

294 4447 330 4502 ad
350 4465 375 4503 v.
394 4453 446 4501 952
465 4462 635 4516 quamquam
658 4444 884 4502 nondmmemor
906 4445 1047 4502 Ciceronis
1066 4447 1142 4504 Orat.
1166 4451 1248 4514 §15⁷
1267 4447 1379 4502 veretur
1401 4461 1436 4499 ne

294 4550 351 4590 non
369 4533 458 4602 magis
477 4533 609 4588 Plautina
626 4533 662 4587 sit
679 4535 757 4589 noris
773 4533 885 4604 forma]
