3338 5072
532 413 797 462 nuarnerrours
820 413 1028 462 ranvrrrar.
1291 392 1355 458 353

209 555 419 639 aliquotiens,
448 556 482 620 in
510 556 545 620 B
571 580 599 622 r.
629 557 693 622 699
723 553 864 643 (1111101
896 557 1002 622 rarius
1025 542 1157 640 reliquis
1181 571 1274 632 Quor
1298 557 1357 638 est,

210 667 289 746 puto
310 663 396 747 quod
415 663 449 728 in
466 662 529 728 hoc
548 663 797 750 ambiguitatem
816 662 879 748 ipsi
893 667 1017 728 veteres
1037 661 1236 746 defugerent
1264 657 1357 725 Cete-

209 792 281 834 rum
305 793 371 836 non
390 771 516 856 desunt,
540 791 621 855 quae
640 771 673 836 in
693 769 889 836 contrariam
907 774 1033 855 partem
1052 770 1194 854 valeant,
1216 773 1254 834 ut
1273 787 1358 848 QUID

209 899 268 962 pro
291 880 359 960 quit
379 901 408 944 r.
433 880 512 962 504,
541 877 685 944 omnium
709 879 818 943 autem
840 878 1150 962 frequentissimum,
1178 877 1235 943 sed
1263 879 1358 943 unius

211 984 330 1051 codicis
359 985 528 1072 proprium
555 987 666 1070 adpre,
693 985 779 1070 quod
807 987 925 1052 mirum
956 989 1006 1052 111
1027 985 1261 1077 propemodum
1284 1008 1358 1052 con-

211 1095 337 1157 stanter
365 1094 411 1159 111
440 1095 595 1179 scripturn
624 1094 659 1158 in
682 1094 752 1160 solo
776 1094 952 1160 Decurtato
976 1097 1113 1160 exstare.
1159 1091 1359 1179 corruptelis

210 1204 319 1266 autem
348 1202 448 1267 etiam
475 1201 565 1266 toret
593 1203 755 1288 scriptura
782 1224 847 1267 non
875 1223 950 1267 raro
978 1201 1138 1286 proditur,
1167 1202 1257 1266 velut
1288 1223 1360 1266 cum

210 1330 269 1392 pro
299 1331 336 1374 eo
365 1315 422 1374 cut
447 1309 592 1394 positum
620 1313 671 1374 est
700 1333 728 1374 v.
752 1309 827 1374 362.
852 1309 925 1374 721.
971 1307 1177 1374 Sednovum
1201 1308 1361 1394 estquod

208 1415 333 1481 duabus
356 1416 434 1480 tout
460 1415 601 1482 1111111
627 1416 741 1482 formis
772 1416 965 1482 111-111111
994 1413 1180 1502 accessit*),
1210 1419 1361 1500 suscepte

211 1545 231 1588 1
250 1545 300 1588 mc
320 1544 358 1588 ex
378 1522 594 1589 ambrosiano
614 1545 641 1589 r.
661 1524 726 1589 233
746 1523 822 1609 (hac
841 1523 948 1608 liquet)
968 1527 1000 1588 et
1018 1523 1084 1588 462
1103 1522 1181 1608 (leura
1199 1521 1360 1609 11111111),

211 1629 245 1694 11
274 1629 450 1715 eodemque
479 1630 588 1696 codice
617 1631 691 1696 aliis
719 1631 752 1696 in
780 1631 899 1696 fabulis
927 1639 994 1696 tam
1023 1652 1119 1717 saepe
1147 1634 1295 1713 exstans,
1324 1633 1362 1694 ut

212 1735 252 1801 de
276 1737 394 1802 calami
418 1737 512 1822 lapsu
537 1737 675 1823 cogitari
693 1742 843 1822 nequeat.
880 1737 1015 1803 Accedit
1033 1738 1119 1823 quod
1138 1738 1173 1802 in
1191 1759 1255 1803 uno
1275 1735 1360 1822 quod

211 1844 313 1910 sciam
348 1849 558 1910 monumento
593 1845 679 1929 apud
710 1843 883 1910 Gruterum
913 1866 944 1928 p.
976 1845 1054 1928 169,
1085 1844 1168 1930 apud
1203 1844 1361 1911 Orellium

210 1971 242 2016 n.
265 1951 363 2034 4848,
392 1951 581 2036 planissime
605 1952 760 2037 scriptum
791 1955 841 2016 111
863 1969 946 2018 Halo
969 1969 1034 2018 aar
1059 1967 1266 2018 sarvncavn
1289 1969 1374 2034 flav¹

210 2073 377 2122 evocavit
400 2075 550 2124 rvncaar
574 2075 744 2124 remman:
773 2058 829 2124 ubi
853 2081 872 2124 a
895 2081 929 2124 se
951 2059 1053 2123 tacito
1077 2059 1231 2124 nimirum
1256 2079 1361 2124 emen·

215 2163 308 2228 datae
324 2164 504 2248 scripturae
519 2165 605 2231 hored
620 2165 704 2231 hanc
724 2169 870 2251 paratam
890 2187 961 2230 esse
976 2165 1196 2231 defensionem
1210 2165 1360 2250 Meyerus

212 2269 314 2335 voluit
334 2269 467 2336 Antbol.
485 2271 543 2334 lat.
561 2295 591 2336 n.
618 2273 717 2338 1276:
741 2271 849 2354 ‘huud]
874 2271 938 2336 baa
955 2271 1132 2338 Gruterus?
1170 2271 1362 2358 Opportune

212 2379 320 2441 autem
349 2377 479 2462 eccidit,
507 2377 592 2462 quod
620 2378 709 2443 illius
737 2378 862 2446 formae
891 2401 993 2465 prope
1020 2379 1271 2446 intermortuam
1295 2399 1361 2443 me·

211 2484 349 2549 moriam
373 2483 451 2550 licet
474 2485 761 2570 grammaticorum
785 2485 980 2551 auctoritate
1003 2485 1129 2551 munire
1152 2483 1392 2570 quantumviso

213 2611 251 2655 ee
274 2612 359 2656 nunc
383 2592 565 2658 obscurata.
611 2592 725 2678 Neque
753 2594 839 2658 enim
864 2615 943 2658 sana
966 2614 1036 2658 1111
1059 2592 1154 2676 haec,
1182 2593 1299 2678 quibus
1323 2590 1362 2656 de

212 2695 298 2762 hored
328 2698 488 2782 particula
519 2700 728 2785 praecipitur,
765 2699 861 2765 Marii
893 2699 1054 2766 Victorini
1087 2699 1186 2765 verba
1217 2701 1362 2784 possunt,
1508 2697 1512 2704 ’

215 2827 296 2889 quae
322 2827 338 2870 e
362 2829 392 2891 p.
419 2806 458 2870 17
484 2804 585 2872 Gaisf.
608 2807 753 2892 paullulo
778 2828 875 2891 quarn
898 2806 983 2892 apud
1006 2805 1197 2872 Putschium
1220 2829 1250 2890 p.
1274 2805 1362 2870 2462
1400 2790 1401 2794 ¹

216 2911 281 2994 [15,
296 2911 337 2975 21
353 2911 407 2994 K]
428 2913 624 2979 correctiora
646 2913 731 2978 infra
756 2914 885 3000 scripsi:
910 2912 1078 3000 ‘Houd**)
1103 2911 1291 2978 aduerbium
1313 2915 1364 2976 est

214 3017 355 3102 negandi
385 3021 418 3082 et
445 3019 609 3104 significat
636 3020 722 3084 idem
751 3020 837 3105 quod
866 3021 951 3104 apud
981 3019 1121 3085 Graecos
1149 3019 1203 3084 od:
1237 3019 1293 3083 scd
1321 3019 1362 3084 ab

217 3125 360 3210 antiquis
380 3147 453 3190 cum
473 3126 703 3212 adspiratione,
727 3126 848 3192 utalia
867 3149 992 3212 quoque
1011 3127 1119 3210 uerba,
1143 3125 1264 3190 dictum
1285 3127 1361 3207 [est]

215 3233 248 3294 et
272 3230 398 3295 adiecta
421 3232 444 3296 d
465 3232 584 3316 littera,
608 3255 704 3317 quarn
725 3233 887 3318 plerisque
911 3233 1019 3299 uerbis
1043 3231 1233 3298 adiciebant.
1269 3233 1363 3297 dta-

217 3357 290 3401 men
313 3337 455 3402 litteram
481 3342 661 3423 conseruat,
684 3339 711 3404 11
735 3359 872 3423 sequens
896 3340 1031 3404 uerbum
1054 3339 1191 3424 incipiat
1214 3360 1234 3402 a
1256 3338 1363 3404 uoccli

213 3443 354 3509 athoud
376 3445 468 3510 aliter
489 3465 595 3510 muros
617 3450 651 3509 et
672 3444 759 3510 troad
779 3447 925 3528 11111111.
949 3450 983 3510 11
1003 3467 1075 3512 cum
1095 3447 1231 3512 uerbum
1250 3468 1270 3511 a
1289 3467 1361 3512 con·

218 3551 348 3615 sonanti
376 3551 504 3636 incipit,
531 3554 554 3617 d
579 3550 686 3636 perdit
713 3552 854 3616 1111111
880 3554 998 3618 aaaron
1020 3558 1054 3618 11
1075 3552 1153 3618 tout
1174 3553 1307 3618 maltum
1330 3556 1364 3618 et

212 3655 289 3720 haret
305 3657 465 3740 ptrcitura
486 3659 594 3742 refert,
617 3663 651 3723 et
673 3659 796 3723 inducit
820 3657 851 3724 t.'
898 3657 945 3744 Si,
973 3683 1070 3745 quarn
1093 3660 1273 3746 ingenitam
1297 3681 1364 3726 non

213 3761 341 3848 habuit,
368 3765 391 3829 d
418 3765 561 3830 litteram
590 3765 707 3831 ascivit
728 3764 857 3830 demum
879 3765 966 3832 houd
986 3767 1148 3852 particula
1170 3767 1363 3834 attollendi

213 3868 320 3936 hiatus
356 3892 472 3936 caussa
506 3875 691 3957 conservat,
727 3893 926 3965 consequens
957 3878 1008 3939 ert
1041 3873 1187 3958 profecto
1219 3878 1268 3958 ut,
1305 3873 1362 3938 ubi

214 3975 297 4040 nihil
324 3976 406 4061 hiet,
433 4000 499 4044 non
522 3983 627 4045 mutet
650 3979 866 4045 adventicium
890 3981 1125 4047 incrementum
1149 4002 1223 4046 cum
1246 3978 1362 4044 adven·

213 4081 291 4146 ticio
319 4083 519 4150 incremento
547 4085 627 4170 alio,
656 4086 711 4150 sed
741 4086 861 4151 abiciat
889 4087 998 4170 potius
1022 4091 1055 4151 et
1077 4087 1251 4171 pristinam
1274 4085 1363 4151 indo-

214 4187 280 4252 lem
308 4189 429 4256 induat.
476 4191 560 4268 Quid
587 4193 713 4257 multe?
741 4215 807 4258 non
835 4193 873 4258 de
900 4192 987 4258 hored
1014 4193 1065 4258 rel
1095 4193 1172 4258 haut
1200 4192 1363 4277 scriptura

215 4299 449 4380 grammaticus
472 4299 651 4384 praecepit,
679 4299 734 4364 sed
758 4299 796 4364 de
819 4299 907 4366 hored
928 4303 961 4363 et
982 4299 1055 4384 hore,
1078 4323 1177 4384 quam
1201 4321 1274 4364 cum
1297 4321 1363 4366 non

305 4457 334 4525 *)
349 4418 532 4527 {bb-'opusc'
548 4454 618 4526 phil.
636 4456 662 4509 11
682 4473 709 4525 p.
729 4461 780 4511 591
792 4474 833 4524 sq.
853 4456 892 4509 Ill
910 4473 937 4525 p.
959 4463 1008 4510 131
1020 4457 1072 4526 sq.]

286 4543 327 4614 ι1)
347 4545 415 4616 [bau
433 4545 506 4601 Nor.
526 4545 591 4600 Exc.
611 4544 704 4600 Plaut.
725 4545 781 4614 lp.
803 4545 839 4615 1.]

273 4647 314 4687 ra.
334 4651 484 4687 nrrscaenrr
504 4651 640 4688 orvscvca
660 4651 685 4688 v.
1115 4639 1149 4687 23
