3338 5072
291 351 357 417 344
585 362 845 413 enonnsonnun
868 362 916 410 on
939 359 1149 410 nemorosus

291 515 384 595 parte
406 508 596 594 planissime
619 508 791 573 confirmat
813 505 960 572 eodieum
984 505 1177 590 auctoritas,
1200 508 1256 592 qni
1279 531 1345 574 non
1367 511 1436 573 ton·

291 621 362 683 tum
389 619 424 681 in
453 617 594 701 quinque
618 635 809 679 scaenarum
832 612 1112 697 inscriptionibus,
1140 615 1196 680 sed
1220 617 1317 680 etiam
1340 617 1375 681 in
1398 637 1434 680 eo

291 726 363 790 loeo
387 723 516 788 fabulae
540 719 615 807 (III,
638 722 668 804 2,
691 718 759 808 56),
783 721 817 786 in
839 709 1146 804 quo'nominativus
1169 722 1436 805 Papmmnaes

291 830 366 896 inde
394 830 435 895 ab
465 830 591 914 aliquot
618 828 756 892 saeculis
784 828 952 912 vulgatur,
982 826 1088 911 ipsam
1115 849 1153 894 irs
1175 830 1436 895 terminationem

291 939 461 1001 testentur.
508 933 569 1000 Sed
598 934 728 999 eosdem
757 955 835 998 sane
863 933 1001 997 alterurn
1026 933 1141 1000 vitium
1170 957 1282 1002 omnes
1304 937 1437 1004 insidet:

291 1044 358 1108 nisi
380 1042 465 1128 quod
489 1041 646 1125 perdubio
670 1040 789 1105 indicio
813 1039 880 1104 veri
904 1039 1004 1104 semel
1022 1043 1258 1126 peripletomeme
1280 1043 1437 1127 seriptum

292 1154 343 1215 est
368 1151 403 1214 in
427 1146 556 1231 0D11,
580 1149 615 1230 2,
642 1147 691 1212 15.
735 1146 892 1231 Disparss
925 1149 1035 1211 tamen
1067 1147 1119 1213 his
1153 1150 1303 1215 omnibus
1335 1149 1438 1214 Lache

293 1257 424 1323 Chreme
452 1255 591 1320 formae:
623 1255 662 1318 de
693 1253 825 1338 quibus,
857 1254 1012 1337 quoniam
1040 1254 1074 1319 id
1103 1255 1143 1321 ad
1172 1257 1324 1322 Plautum
1351 1254 1437 1320 nihil

293 1365 447 1448 pertinet,
469 1382 555 1428 nuno
578 1383 646 1426 non
668 1358 782 1426 dicam.
807 1395 848 1406 -
878 1357 1057 1443 Supersunt
1080 1362 1145 1427 alia
1168 1363 1206 1427 de
1230 1363 1347 1447 quibus
1372 1383 1438 1426 non

294 1469 409 1535 inutile
436 1468 536 1534 fuerit
565 1468 644 1533 olim
672 1466 781 1532 dedita
808 1488 908 1551 opera
930 1466 1101 1552 disserere,
1128 1473 1166 1534 ut
1193 1473 1437 1534 controversum

293 1575 374 1641 illud
396 1574 495 1642 hisee
516 1573 672 1661 v.877*):
695 1574 746 1638 vel
768 1595 834 1638 non
856 1578 1084 1640 controversae
1108 1578 1141 1639 et
1162 1578 1272 1640 tamen
1295 1598 1314 1640 a
1337 1574 1439 1640 Lade·

294 1681 393 1766 wigio
416 1703 520 1766 nuper
543 1682 753 1748 addubitatae
775 1681 898 1745 formae
915 1701 1110 1763 papanem
1133 1687 1293 1747 conuenat
1315 1681 1359 1768 (v.
1374 1683 1440 1748 582

295 1788 436 1872 reposita
461 1790 513 1870 [ef.
536 1812 568 1874 p.
591 1786 799 1874 ccuxxan:
832 1786 883 1851 vel
913 1788 975 1868 fao
998 1791 1031 1852 et
1050 1788 1134 1869 fare
1156 1787 1334 1853 formamm
1358 1786 1441 1874 (qui-

196 1883 199 1890 .
294 1897 357 1961 bus
380 1897 645 1980 praetermissum
670 1895 767 1980 vulgo
787 1915 842 1978 per
865 1916 882 1958 e
906 1891 1028 1958 Catulli
1047 1893 1218 1979 XXVII,2
1242 1893 1440 1982 addendum)

296 2007 410 2067 mutua
434 2002 517 2068 ratio
541 2001 776 2068 s.174.1008:
801 2001 852 2065 vel
875 2023 934 2084 pro
958 2001 1060 2083 ipsam
1078 2003 1147 2084 ipso
1170 2001 1278 2085 posita
1299 2023 1443 2084 eampse

295 2130 400 2191 eapse
422 2132 451 2174 v.
466 2108 540 2173 800.
564 2108 637 2173 950.
661 2108 726 2172 914
750 2105 842 2171 alibi:
866 2106 917 2170 vel
940 2107 1045 2173 homos
1066 2129 1125 2192 pro
1149 2107 1246 2173 homor
1267 2132 1297 2174 v.
1312 2107 1440 2196 663**).

156 2241 281 2280 nxxxrx
296 2216 375 2281 697:
411 2236 511 2280 unum
543 2220 594 2279 est
625 2217 735 2280 autem
772 2213 937 2299 quiddam,
975 2214 1062 2299 quod
1093 2215 1159 2281 iam
1191 2236 1279 2279 nune
1312 2216 1440 2300 cupiam

133 2313 135 2316 ⁵
295 2343 362 2387 non
384 2322 530 2407 ignorari
557 2343 576 2385 a
600 2319 832 2406 grammaticis.
877 2317 964 2386 Nam
988 2341 1060 2385 eum
1083 2321 1237 2405 frequens
1262 2321 1306 2385 sit
1329 2322 1363 2387 in
1385 2344 1440 2386 an-

295 2429 388 2512 tiquo
412 2448 559 2493 sermone
583 2427 806 2512 genetivorum
834 2426 870 2490 in
891 2447 951 2491 am
974 2428 1159 2492 exeuntium
1182 2449 1274 2512 usus,
1297 2451 1378 2512 quos
1402 2451 1441 2494 ex

295 2555 383 2600 omem
412 2536 596 2598 contractos
626 2531 750 2616 dieunt,
787 2537 824 2596 ut
852 2533 981 2597 00101001
1009 2554 1037 2597 v.
1061 2534 1141 2618 241,
1176 2555 1339 2600 saluimum
1367 2535 1441 2602 954.

295 2641 369 2705 966.
392 2640 471 2721 910,
499 2661 662 2704 mammam
685 2660 815 2704 aureum
841 2640 939 2722 1139,
971 2661 1134 2704 nummum
1156 2640 1338 2724 Philippum
1361 2642 1441 2708 959:

295 2752 365 2811 tum
388 2747 423 2810 in
446 2747 498 2811 his
522 2746 680 2832 quaedam
703 2751 793 2829 sunt,
822 2768 904 2831 quae
928 2770 947 2810 a
969 2746 1086 2812 Plauto
1111 2747 1240 2831 quidem
1263 2771 1441 2833 numquam

296 2874 361 2918 non
394 2857 561 2920 eontracta
593 2853 698 2918 forma
730 2853 817 2917 dieta
848 2853 922 2917 sint.
967 2852 1043 2918 Nou
1071 2853 1288 2936 Philipporum
1314 2859 1442 2921 tantum

296 2960 348 3026 rel
371 2960 606 3042 Philippeorum
632 2960 826 3026 inauditum:
860 2959 916 3024 sed
944 2961 973 3025 si
1002 2959 1077 3045 quid
1106 2961 1198 3026 video
1223 2961 1329 3045 ipsum
1352 2985 1441 3028 aum

295 3087 425 3131 urorum.
480 3066 569 3143 Quae
601 3067 709 3132 forma
741 3088 813 3131 eum
848 3089 876 3130 v.
904 3067 969 3131 848
1002 3065 1037 3130 in
1068 3088 1255 3132 hienimum
1286 3069 1442 3134 mutanda

295 3173 395 3237 fuerit
423 3172 555 3238 iubente
584 3177 851 3257 postreoeptum
881 3195 919 3238 ex
947 3173 980 3236 A
1005 3175 1081 3254 quio
1109 3175 1206 3239 metri
1237 3177 1442 3260 necessitate,

296 3301 397 3345 unum
425 3279 530 3345 solum
559 3285 661 3345 restat
689 3280 774 3364 quod
797 3278 1005 3362 trisyllabum
1029 3281 1213 3363 genetivum
1236 3285 1368 3348 tueatur
1391 3306 1442 3348 ex·

297 3386 439 3468 emplum
461 3408 490 3450 r.
517 3387 592 3452 152:
622 3387 765 3451 Nemost:
789 3407 988 3451 mansurarum
1011 3386 1211 3469 Philippeum
1234 3390 1277 3454 od
1299 3391 1361 3454 trio
1384 3391 1441 3454 mi·

298 3491 429 3578 liu.***)
475 3491 642 3577 Numquid
666 3492 768 3578 igitur
790 3491 954 3557 dubitabis
978 3494 1114 3575 parvula
1137 3495 1285 3560 immissa
1317 3497 1442 3580 syllaba

297 3599 358 3664 hoo
383 3621 509 3684 quoque
534 3600 622 3664 velut
646 3600 692 3664 sia
715 3600 754 3663 de
778 3599 884 3664 medio
907 3599 1036 3664 tollere:

385 3740 490 3807 Nemo
513 3741 572 3806 hio
595 3747 658 3806 est:
682 3739 867 3806 Nummum
890 3740 1098 3827 Plnlippeum
1122 3743 1162 3806 ad
1185 3742 1250 3808 tria
1273 3744 1441 3810 milia-³?

298 3881 487 3950 Contractio
512 3887 621 3949 autem
643 3883 704 3948 illa
726 3905 798 3972 oum
823 3905 889 3949 non
912 3884 955 3948 sit
978 3885 1147 3950 masculini
1170 3887 1298 3970 generis
1321 3887 1440 3952 finibus

298 3989 554 4074 oiroumsoripta,
583 3990 638 4070 sed
666 3989 845 4056 rarioribus
869 3991 1025 4075 exemplis
1050 3992 1148 4056 etiam
1178 3993 1218 4057 ad
1246 3992 1439 4058 femininum

298 4097 476 4178 pertinens:
509 4098 779 4182 quemadmodum
809 4119 908 4162 unum
936 4097 999 4181 ipsi
1028 4097 1102 4162 libri
1130 4099 1341 4182 suppeditant
1367 4100 1439 4164 dra

404 4286 430 4354 *l
450 4287 504 4358 [01.
524 4285 625 4356 Opuso.
644 4287 713 4359 phil.
732 4287 759 4342 11
777 4307 804 4358 p.
824 4295 876 4344 616
887 4306 941 4358 sq.;
960 4289 999 4344 IV
1018 4307 1044 4358 p.
1065 4287 1138 4359 199]

387 4377 430 4446 **)
451 4377 549 4448 [honor
567 4375 665 4447 Trio),
683 4379 715 4432 nt
734 4375 804 4431 Rud.
824 4378 844 4443 Ι,
864 4383 888 4444 3,
910 4383 942 4432 12
961 4380 991 4432 et
1008 4377 1037 4431 in
1056 4377 1218 4447 Scipionum
1236 4377 1320 4434 titulo
1339 4397 1365 4434 n.
1385 4380 1440 4450 38.]

369 4463 427 4534 m)
447 4464 500 4536 [01.
520 4482 582 4522 ann
601 4465 637 4520 ad
656 4485 682 4521 v.
694 4471 745 4520 152
764 4465 793 4520 in
812 4464 1310 4537 010111101000000000.[11111111
1328 4485 1354 4537 p.
1367 4469 1440 4541 241,]
