3266 5070
415 408 486 455 UND
512 407 570 454 Dlli
595 407 782 454 hairaiseis
805 407 1124 455 PLAUTL'SS'I'UDlEN.
1300 389 1340 452 (il

674 577 819 646 Anhang
841 577 867 632 L

329 710 482 775 Proben
510 710 577 774 der
599 711 866 776 lateinischen
892 709 1012 776 Prosa
1032 711 1209 775 Werler's.

757 889 782 953 I.

267 1011 344 1066 Briei
365 1030 402 1068 an
426 1012 521 1068 seineu
544 1010 697 1067 Pensiontr
720 1011 875 1080 Dragst‘stdt
898 1027 948 1065 aus
972 1009 1115 1078 Eisleben,
1148 1009 1190 1063 als
1218 1007 1342 1064 Vorrede

194 1100 387 1169 vorgedrnclst
404 1100 537 1155 Werler’s
556 1101 687 1169 Ausgabe
711 1117 767 1154 von
790 1099 853 1154 funt
870 1117 963 1169 sogen.
983 1098 1187 1153 Lucianischsn
1206 1097 1343 1167 llialogen

194 1189 305 1259 (Lotter
325 1189 491 1260 1513),F01.
512 1195 542 1243 1v
561 1188 604 1243 bis
622 1189 681 1244 Fol.
702 1195 742 1244 3'.

268 1313 328 1366 Viti
337 1312 467 1367 Vuerleri
486 1311 651 1366 Sultzvcldii
669 1312 866 1382 philosophiae
885 1313 1024 1384 politioris
1042 1311 1171 1382 magistri
1191 1312 1225 1366 ad
1245 1312 1336 1366 mode·
1353 1319 1392 1359 roi.
1403 1305 1429 1359 ¹v

196 1387 359 1456 atissimnm'
379 1405 408 1456 et
437 1400 663 1456 honestissimum
692 1401 900 1456 adulescentem
927 1403 1114 1456 Alexandrum
1144 1401 1342 1470 Dragstadium

195 1491 403 1560 Eyslebensem,
423 1490 590 1560 discipulum
610 1507 690 1544 suum
709 1490 893 1546 domesticum
914 1491 1045 1561 epistola.

288 1580 360 1645 Qum
384 1597 473 1650 nuper
496 1579 587 1634 latina
606 1579 744 1647 quaedam
764 1582 793 1633 et
811 1581 881 1635 haee
899 1597 956 1658 ιιοιι
975 1597 1074 1650 parum
1093 1579 1183 1633 multa
1202 1578 1342 1634 variomm

196 1668 366 1738 scriptorum
384 1667 528 1723 volumina
545 1668 575 1722 in
589 1685 690 1722 manus
705 1668 893 1738 sumpsissem,
914 1669 1072 1724 Alexander
1090 1668 1129 1723 mi
1143 1668 1342 1723 iucundissime

195 1759 283 1826 atque
302 1756 516 1825 amabilissime,
543 1773 601 1811 non
619 1756 733 1811 omnino
757 1756 955 1826 intempestive
975 1773 1004 1811 se
1024 1759 1090 1811 tuno
1111 1758 1271 1812 obtulerunt
1291 1756 1343 1810 bu·

197 1847 273 1901 ciani
286 1845 481 1901 Samosataeni
500 1844 622 1901 hominis
641 1862 707 1900 sanc
722 1845 799 1900 docti
813 1863 864 1900 nec
879 1845 1011 1900 ineruditi
1030 1863 1117 1915 opera
1136 1849 1193 1900 tum
1215 1845 1250 1900 de
1269 1847 1343 1900 veris

195 1935 406 1990 narrationibus
429 1935 586 2004 perscripta
609 1933 829 1988 luculentissime
848 1936 908 1988 tum
926 1934 962 1988 de
982 1934 1045 1988 aliis
1071 1952 1181 2003 quoque
1200 1935 1282 1989 rebus
1302 1951 1344 1988 re·

199 2024 320 2080 conditis
338 2039 372 2078 ac
387 2023 460 2077 scitu
474 2022 646 2093 dignissimis
661 2022 846 2092 pulcherrime
861 2023 1059 2092 verissimeque
1074 2025 1246 2078 elucubrata.
1266 2023 1343 2089 Quae

197 2111 265 2166 dum
284 2111 381 2167 urdine
400 2129 465 2178 suo,
491 2111 531 2166 dii
549 2111 629 2178 boui,
653 2112 699 2165 vix
718 2112 811 2166 verbis
831 2112 964 2182 consequi
982 2130 1094 2182 possum
1115 2115 1220 2180 quanto
1239 2112 1343 2182 gaudio

199 2205 360 2270 quantaque
380 2200 468 2256 animi
486 2201 642 2270 alacritate,
661 2203 694 2256 ut
712 2217 839 2270 quaeque
858 2205 940 2257 erant
958 2203 1105 2270 collocata,
1123 2202 1296 2256 tumultuose
1316 2207 1345 2254 et

199 2291 344 2344 saltuatim
369 2289 581 2359 percurrissem,
608 2290 696 2344 incidi
721 2291 835 2345 tandem
861 2292 890 2344 in
915 2291 1039 2346 ciusdem
1066 2290 1189 2346 auctoris
1215 2289 1343 2358 dialogos

197 2381 279 2434 tanto
303 2378 415 2432 dicendi
433 2378 543 2446 lepore,
566 2379 647 2432 tanto
666 2379 758 2446 cultu,
781 2381 863 2432 tanta
886 2377 1004 2447 denique
1030 2380 1178 2434 verborum
1202 2379 1345 2448 elegantia

199 2469 387 2536 concinnatos,
407 2469 440 2521 ut
458 2467 550 2521 dicere
569 2466 659 2520 ausim
678 2467 790 2522 illorum
811 2467 985 2535 frequentem
1005 2485 1038 2522 ac
1053 2469 1178 2522 sedulam
1194 2467 1343 2522 lectionem

199 2559 228 2610 et
250 2557 286 2610 ad
310 2556 436 2626 linguam
459 2556 598 2610 lacialiter
622 2557 803 2610 excolendam
829 2559 858 2611 et
881 2557 1023 2612 advitam
1046 2559 1171 2612 nostram
1195 2556 1344 2612 salubriter

197 2645 399 2700 instituendam
418 2645 477 2699 iore
504 2645 603 2714 procul
627 2645 711 2700 dnbio
736 2645 1062 2702 accommodatissimam.
1102 2647 1159 2702 Hos
1188 2645 1344 2701 accuratius

198 2735 264 2787 dum
287 2733 389 2788 iterum
414 2736 498 2804 atque
521 2733 623 2788 iterum
646 2735 834 2804 perlegerem,
862 2751 906 2788 res
930 2750 996 2788 sane
1021 2735 1108 2804 digna
1130 2734 1190 2788 visa
1213 2737 1255 2788 cst
1272 2751 1344 2802 qnae

100 2813 113 2839 ⁸
198 2823 287 2878 oculis
307 2823 459 2878 multorum
478 2823 675 2890 subiiceretur,
694 2839 729 2878 ne
747 2823 777 2876 in
795 2823 850 2876 hac
870 2821 998 2891 Lipscnsi
1016 2822 1155 2877 litteraria
1173 2823 1298 2892 palestra
1315 2825 1345 2878 st

199 2912 374 2981 amplissima
393 2915 422 2965 et
440 2913 647 2980 florentissima,
671 2912 700 2965 in
719 2928 774 2980 qua
793 2929 859 2980 qum
878 2911 997 2967 aliarum
1017 2914 1122 2966 arcium
1142 2913 1199 2966 iere
1218 2912 1343 2967 omnium
1423 2953 1426 2958 .

198 3003 258 3054 turn
275 3001 453 3070 potissimum
472 3001 611 3070 politioris
631 3001 805 3055 litteraturae
820 3017 963 3069 nunquam
978 3001 1046 3055 satis
1059 2999 1204 3056 laudatum
1219 3001 1342 3055 studium
1357 3001 1426 3056 rorer

199 3090 240 3144 ita
262 3089 353 3159 viget,
381 3089 485 3144 colitur
507 3093 682 3159 augeturque
705 3090 734 3143 in
757 3089 816 3143 dies
839 3090 944 3159 magis,
972 3089 1014 3143 ita
1032 3089 1156 3158 optimus
1174 3089 1291 3160 quisque
1311 3107 1344 3146 ex
1460 3088 1465 3098 “

202 3181 298 3234 vatum
318 3181 516 3247 oratorumque
539 3195 654 3233 numero
673 3195 706 3231 ea
725 3177 972 3248 interpretatione,
998 3197 1070 3246 quac
1089 3179 1298 3234 accuratissima
1316 3183 1345 3234 et

199 3267 417 3337 diligentissima
446 3283 505 3321 esse
533 3270 644 3337 potest,
673 3266 883 3322 studiosissimis
911 3269 940 3322 et
968 3268 1039 3322 bene
1066 3268 1141 3322 natis
1169 3269 1345 3324 scholasticis

200 3359 353 3424 enarratur,
373 3356 449 3411 solus
464 3355 603 3412 Lucienus
620 3356 700 3410 nulla
714 3372 765 3410 sua
783 3357 867 3425 culpa
885 3371 914 3409 se
933 3355 1014 3424 quasi
1033 3355 1174 3411 desertum
1193 3361 1221 3412 et
1239 3357 1268 3410 in
1286 3373 1344 3411 me-

200 3446 246 3499 dio
265 3444 395 3499 relictum
415 3461 475 3498 esse
494 3446 530 3500 ab
549 3445 678 3499 omnibus
693 3445 792 3497 harum
806 3443 911 3498 arcium
928 3444 1095 3500 doctissimis
1110 3449 1140 3500 et
1153 3444 1344 3501 disertissimis

199 3533 404 3604 professoribus
429 3533 561 3601 conqueri
583 3535 644 3588 iure
668 3533 766 3602 possit.
803 3534 895 3587 Motus
920 3532 1014 3602 itaque
1037 3535 1083 3589 vel
1106 3535 1160 3590 hac
1184 3535 1243 3590 sola
1261 3552 1346 3590 causa

199 3639 262 3677 meo
284 3622 389 3676 indicio
412 3621 486 3676 sicut
508 3622 705 3677 honestissima
727 3622 769 3676 ita
792 3622 909 3676 fortasse
933 3638 988 3676 non
1007 3623 1078 3677 nihil
1096 3625 1202 3679 fructus
1222 3627 1251 3680 et
1270 3625 1344 3678 utili-

199 3711 267 3766 tatis
291 3712 413 3766 allatura
438 3711 574 3778 quosdam
597 3711 708 3766 libellos
733 3711 893 3766 aLuciano
912 3711 1080 3767 nitidissimo
1099 3717 1212 3767 auctore
1232 3715 1268 3768 ad
1287 3731 1344 3768 mo-

201 3801 267 3854 dum
290 3801 468 3870 dialpgornm
487 3801 615 3854 exaratos
634 3815 667 3853 ac
685 3801 783 3854 nostra
800 3804 832 3854 nt
851 3817 933 3869 spero
953 3816 1040 3870 opera
1058 3801 1165 3856 curiose
1184 3803 1344 3872 diligenter·

201 3905 255 3957 que
275 3889 430 3958 castigatos
449 3888 524 3958 typis
544 3871 751 3943 veud'stioribus
771 3889 890 3959 effigiari
910 3891 939 3943 et
957 3889 986 3942 in
999 3889 1143 3958 publicum
1158 3889 1269 3959 prodire
1283 3905 1343 3960 per-

200 3976 263 4032 misi
292 3977 402 4046 tibique
430 3993 463 4030 ae
491 3977 620 4031 omuibus
648 3976 758 4047 cupidis
786 3977 910 4031 eiusdem
935 3977 1021 4032 studii
1046 3977 1191 4032 iuvenibus
1214 3979 1346 4034 brevibus

200 4064 368 4134 quibusdam
389 4065 627 4120 commentariolis
650 4065 821 4120 lucidissime
840 4065 982 4120 illustrare
1001 4067 1030 4120 et
1047 4065 1209 4135 planissime
1227 4069 1260 4120 ut
1277 4069 1347 4122 mihi

200 4154 291 4209 iacere
310 4154 407 4210 videor
424 4154 604 4225 interpretari
623 4153 763 4209 constitui.

271 4243 323 4298 Cui
343 4246 437 4298 autem
457 4243 510 4297 hos
529 4259 612 4311 qnam
632 4243 684 4298 tibi
702 4244 800 4312 pocius
819 4243 1002 4312 nuncupatim
1020 4241 1178 4297 dedicarem
1193 4260 1249 4298 non
1263 4243 1345 4299 facilc

200 4334 333 4388 seniebat
342 4330 413 4386 milri
424 4329 454 4384 in
462 4334 593 4400 mentem,
604 4332 668 4387 Tibi
680 4331 803 4402 inquam,
815 4333 854 4386 mi
863 4331 1021 4386 Alexander
1030 4331 1203 4398 suavissime,
1212 4333 1260 4400 qui
1271 4331 1348 4388 culta

200 4421 418 4478 cultissimorunr
438 4423 584 4490 poetarum
604 4437 636 4476 ac
656 4423 795 4476 oratorum
816 4420 910 4476 studia
927 4420 969 4473 ita
988 4417 1119 4472 sicienter
1138 4421 1166 4473 et
1180 4421 1264 4475 avide
1278 4422 1347 4477 han-

199 4509 246 4584 ris,
264 4511 372 4566 utnon
392 4513 451 4565 tarn
471 4511 586 4565 stimulo
605 4527 689 4579 quarn
708 4510 786 4566 freno
805 4507 973 4580 quandoque
993 4523 1074 4576 egere
1089 4507 1221 4565 videaris.
1247 4511 1348 4584 Agitur
