3306 5070
712 430 866 478 masna.
1294 413 1358 478 763

220 593 282 657 que
314 572 436 656 possit3
472 571 512 637 ad
545 571 663 638 horum
696 576 805 638 autem
837 573 1012 639 utilitatem
1046 577 1191 657 spectare
1227 574 1358 639 brevem

216 702 313 764 quam
337 679 531 744 subiecimus
554 702 665 746 earum
688 703 795 746 rerum
815 681 1015 746 notationem
1035 681 1208 763 voluimus,
1231 680 1358 764 quibus,

216 787 432 871 quiretioncs
451 787 632 871 perspicere
650 792 781 853 nostrae
805 789 1004 868 διορθώεεωε
1023 789 1159 872 vellent,
1177 809 1243 853 non
1262 808 1358 872 posse

215 914 322 958 carere
350 891 543 960 viderentur.
589 893 711 970 Quodsi
739 895 794 979 qui
817 895 868 960 vel
891 895 939 960 sic
962 894 1026 960 sibi
1050 894 1131 959 satis
1156 894 1280 960 facturn
1303 916 1357 959 ne-

215 1003 306 1086 gent,
339 1001 495 1065 solacium
523 1021 561 1064 ex
590 1024 628 1065 ea
654 1001 811 1068 varietate
833 1003 989 1086 capiant,
1021 1025 1118 1087 quam
1146 1002 1232 1067 infra
1259 1003 1358 1088 positi

217 1098 399 1172 scholarum
423 1107 544 1172 indices
568 1108 691 1172 affatim
715 1109 939 1194 suppeditant:
964 1132 1045 1195 quos
1069 1113 1102 1174 et
1125 1130 1271 1174 crescens
1294 1109 1357 1174 sin-

218 1215 302 1300 gulis
326 1214 421 1279 annis
444 1213 613 1279 doctorum
635 1215 821 1300 frequentia
844 1221 877 1282 et
901 1215 1089 1300 multiplicis
1113 1215 1278 1282 doctrinae
1302 1238 1358 1299 ap-

216 1325 350 1406 paratus
373 1320 553 1386 uberrimus
578 1321 658 1385 satis
683 1321 774 1386 vobis
799 1323 1046 1389 commendabit
1079 1322 1151 1399 Qua
1173 1323 1283 1387 tamen
1306 1345 1359 1386 va-

216 1429 332 1495 rietate
360 1427 452 1493 vobis
480 1430 629 1494 auctores
660 1451 770 1493 sumus
798 1433 835 1494 ut
863 1451 936 1495 cum
963 1429 1082 1495 iudicio
1111 1433 1209 1514 atque
1231 1428 1358 1494 delectu

216 1535 352 1600 utamini
379 1557 459 1600 neve
488 1529 739 1620 obliviscamini,
772 1536 858 1620 quod
882 1537 1030 1602 oblivisci
1052 1558 1153 1621 paene
1177 1535 1212 1600 in
1236 1557 1359 1602 morem

216 1643 314 1708 vertit
340 1642 435 1708 huius
464 1642 597 1726 saeculi,
629 1643 830 1722 scolopetius
859 1644 938 1709 νόον
966 1645 1006 1710 οὐ
1029 1637 1133 1726 φύειν,
1166 1642 1222 1709 sed
1245 1666 1358 1709 omnes

216 1750 346 1815 virtutis
368 1771 520 1814 numeros
544 1751 581 1814 ἓν
604 1751 729 1816 τέλειον
753 1750 926 1816 continere.

304 1856 366 1920 Est
398 1857 521 1938 autem,
553 1875 648 1939 quem
680 1856 802 1938 partim
835 1860 979 1920 veterum
1012 1855 1168 1921 librorum
1203 1857 1358 1923 beneficio

215 1963 337 2047 partim
358 1961 389 2026 vi
408 1963 545 2028 rationis
564 1960 769 2026 emendatum
789 1961 956 2028 vobiscum
976 1961 1259 2047 communicamus,
1283 1963 1359 2028 Phi-

215 2069 384 2136 lolachetis
408 2067 622 2136 adulescentis
645 2069 679 2135 iu
702 2067 950 2138 Mostellaria
972 2066 1026 2138 hic
1048 2090 1163 2136 sermo.

682 2289 797 2297 -a--u—-u

774 2429 804 2496 8.

216 2569 360 2657 Epilog
384 2594 426 2637 au
450 2572 531 2637 dem
554 2570 777 2657 Programm
801 2570 925 2637 ‘Porcii
943 2570 1048 2637 Licini
1067 2573 1106 2638 de
1125 2574 1195 2640 vita
1214 2573 1358 2640 Terentii
1385 2665 1388 2671 Ι

463 2700 575 2744 versus
597 2679 780 2765 integritati
803 2678 962 2744 restituti'
985 2677 1109 2768 (1859).

304 2821 502 2887 Mirabimini
530 2821 684 2906 fortasse,
712 2822 963 2907 commilitones,
989 2821 1113 2889 nullam
1141 2825 1176 2888 in
1198 2825 1259 2890 hcc
1288 2829 1359 2892 tota

216 2929 435 3011 disputatione
459 2929 657 2996 mentionem
680 2929 810 3014 Iosephi
835 2918 994 3016 Semigeri
1016 2931 1148 3014 factam,
1172 2931 1226 3016 qui
1250 2933 1358 3000 Porcii

216 3056 326 3102 versus
354 3058 375 3101 a
402 3058 436 3100 se
464 3039 501 3100 ut
528 3036 576 3100 ait
603 3036 781 3122 castigatos
810 3037 1143 3104 animadversionibus
1167 3039 1201 3103 in
1224 3037 1356 3106 Eusebii

215 3139 454 3226 Chronologica
485 3142 551 3208 suis
584 3143 720 3210 inseruit
751 3167 782 3228 p.
817 3145 879 3210 144
911 3144 959 3210 ed.
993 3144 1047 3210 alt.
1092 3144 1274 3210 Fatendum
1308 3151 1357 3214 est

216 3250 323 3314 autem
352 3253 480 3332 praeter
507 3271 606 3314 unum
635 3272 762 3316 versum
790 3256 931 3335 sextum,
962 3251 1019 3317 ubi
1047 3252 1112 3316 abit
1133 3253 1169 3316 in
1192 3251 1358 3320 Graeomm
1489 3258 1491 3264 ’

214 3358 303 3420 recto
326 3355 444 3420 iudicio
469 3353 577 3438 edidit,
600 3355 634 3422 in
657 3356 789 3442 reliquis
808 3381 891 3442 quae
910 3381 969 3423 sua
986 3380 1063 3423 usus
1083 3357 1267 3424 coniectura
1284 3383 1356 3444 pro·
1413 3377 1415 3379 ·

214 3461 324 3544 posuit
347 3460 496 3527 omnibus
515 3483 555 3526 ne
574 3484 672 3528 unam
691 3464 821 3548 quidem
841 3486 922 3549 quae
941 3465 1073 3550 probari
1092 3463 1198 3548 possit
1215 3466 1357 3532 litteram

215 3589 294 3632 esse.
339 3566 494 3643 Quodne
517 3566 667 3634 intanto
691 3569 761 3635 viro
785 3591 955 3655 perperam
978 3571 1249 3654 interpretemini,
1277 3573 1357 3640 obli·

214 3672 294 3737 visci
321 3672 423 3738 nolite
452 3677 591 3758 quantos
619 3696 677 3759 per
700 3674 816 3740 horum
840 3676 939 3742 trium
963 3677 1163 3743 saeculorum
1187 3679 1355 3746 decursum

214 3777 386 3862 disciplina
408 3778 607 3864 philologiae
630 3801 821 3866 progressus
845 3781 969 3866 fecerit,
996 3781 1030 3846 in
1057 3782 1120 3848 hoo
1148 3786 1355 3867 potissimum

214 3885 415 3950 intricatione
439 3905 565 3970 genere,
587 3887 622 3951 in
646 3908 709 3972 quo
733 3887 818 3971 quod
841 3909 926 3952 nunc
948 3891 1042 3953 tanto
1065 3889 1139 3973 plus
1163 3914 1261 3975 quam
1284 3891 1356 3958 Sca-

213 3991 307 4076 ligeri
339 3995 445 4057 aetate
478 4015 592 4076 sapere
625 3993 807 4078 didicimus,
842 4016 907 4058 non
940 3998 1071 4060 nostrae
1102 3996 1211 4080 potius
1243 3998 1354 4065 virtuti

212 4119 309 4181 quam
337 4098 472 4164 alterius
496 4096 654 4185 Scaligeri
683 4101 792 4166 divino
821 4100 951 4185 ingenio
980 4105 1149 4184 acceptum
1178 4104 1355 4190 referimus,

213 4202 344 4268 Ricardi
367 4203 515 4268 Bentleii.
551 4204 664 4289 Itaque
686 4206 749 4271 hoc
771 4205 919 4290 exemplo
942 4207 1058 4272 moniti
1081 4209 1117 4273 in
1140 4211 1256 4275 vestris
1279 4234 1356 4296 quo·

215 4331 277 4392 que
300 4308 425 4391 studiis,
449 4330 586 4392 quorum
610 4312 643 4372 et
667 4309 757 4375 varia
779 4315 812 4375 et
834 4311 924 4376 lauta
947 4311 1161 4380 invitamenta
1183 4317 1276 4382 vobis
1299 4340 1355 4403 pa-

212 4418 286 4480 rata
313 4415 342 4480 ei
370 4415 424 4498 qui
453 4414 590 4480 subiecti
618 4418 695 4480 sunt
716 4417 838 4482 iudices
861 4416 1051 4502 ostendunt,
1079 4417 1159 4486 illud
1183 4421 1355 4508 diligenter

212 4523 322 4588 cavete
345 4544 386 4586 ne
409 4521 557 4606 deposita
579 4545 660 4608 quae
684 4524 862 4592 maioribus
886 4523 1021 4593 debetur
1043 4529 1224 4598 reverentia
1242 4530 1354 4603 immo·
