3318 5072
336 382 400 451 516
620 400 882 452 caucasorum
906 405 953 452 nn
978 401 1193 452 animumve

424 543 487 625 Sed
515 547 645 634 longius
673 549 771 613 ctiam
799 549 998 614 trochaicum
1022 571 1191 614 numerum
1214 549 1384 635 aequantia
1407 572 1481 635 pro-

333 655 550 719 celeusmatici
580 654 660 740 fuga
689 655 854 739 pertinuit
900 654 976 720 Non
1007 657 1112 740 magis
1144 656 1230 721 enim
1264 678 1338 722 eum
1369 680 1481 742 proee-

333 761 560 826 leusmaticum
591 765 736 826 veterum
767 784 820 827 ars
848 765 1018 845 poetarum
1050 763 1216 847 probavit,
1248 765 1303 847 qui
1335 764 1369 828 in
1400 765 1483 848 ipsis

332 868 481 932 iambicis
497 869 654 946 uersibus
683 869 851 953 anapaesti
880 891 951 933 cum
981 869 1185 953 praecedenti
1214 871 1281 934 sive
1313 870 1481 936 tribracho

204 977 402 1040 ccxcnrsire
435 977 567 1060 dactylo
601 977 839 1042 consociatione
872 978 990 1042 oritur:
1021 984 1188 1051 alcum
1204 985 1208 1052 Ι
1224 1003 1253 1040 J..
1307 978 1356 1042 De
1388 979 1480 1042 cuius

333 1083 498 1148 societatis
527 1084 690 1167 pravitate
720 1083 891 1148 sanissimo
915 1083 1034 1149 iudicio
1057 1081 1338 1148 Hermannianam
1362 1085 1481 1150 doctri-

330 1211 407 1254 nam
430 1210 534 1273 nuper
551 1187 714 1254 Lomanus
733 1212 763 1274 p.
782 1190 826 1253 44
849 1190 1085 1273 comprobavit
1121 1190 1170 1254 Ac
1193 1191 1391 1275 paucissima
1408 1192 1479 1256 cius

333 1296 460 1382 generis
484 1297 671 1380 exemplos
695 1296 884 1362 Trinummo
909 1297 1100 1381 expellenda
1122 1297 1271 1381 fuerunt,
1294 1301 1331 1361 ut
1355 1321 1383 1362 v.
1408 1298 1481 1382 169,

332 1403 388 1467 ubi
411 1425 476 1468 non
500 1403 608 1468 minus
631 1403 785 1469 vitiosum

421 1544 609 1610 Adesuriuit
631 1545 739 1629 matyris,
761 1546 901 1611 inbiauit
924 1547 1039 1631 acrius,

331 1710 429 1773 quam
453 1687 539 1772 quod
563 1687 683 1754 Bothio
707 1689 831 1772 placuit

419 1830 612 1895 Adesuriuit
633 1830 721 1913 mripe
742 1836 770 1896 el
792 1830 932 1921 iahiauit
955 1831 1070 1894 dorius.

330 1972 358 2037 E
382 1973 488 2037 tribus
512 1971 699 2036 dimetiendi
722 1973 827 2037 modis
850 1973 977 2038 nullum
1000 1996 1029 2037 v.
1053 1973 1118 2037 515
1142 1973 1350 2038 admittebat:

418 2114 494 2180 Tibi
519 2135 580 2200 ego
604 2115 763 2180 rationem
786 2115 939 2180 reddam?
973 2113 1072 2179 Plane
1096 2115 1265 2200 periimus:

329 2279 406 2322 nam
437 2257 506 2322 sive
537 2258 592 2322 coi
619 2259 673 2340 epo'
698 2280 756 2342 pro
786 2263 963 2342 anapaesto
991 2258 1124 2342 accipis,
1153 2257 1238 2322 falsa
1265 2258 1478 2343 productione

328 2365 444 2447 uteris,
475 2365 541 2428 sive
565 2364 621 2428 tibi
643 2365 696 2446 epo*
721 2386 775 2428 ra
802 2387 861 2448 pro
885 2365 1185 2448 proceleusmaticO,
1208 2387 1344 2448 pravum
1368 2387 1479 2430 accen-

329 2474 399 2534 tum
418 2469 526 2554 infers,
545 2471 614 2534 sive
633 2471 689 2534 toi
706 2471 758 2553 e‘yo
776 2492 836 2555 pro
854 2469 1030 2552 tribracho,
1049 2471 1078 2535 ei
1098 2470 1161 2555 ipsi
1175 2471 1249 2554 pedi
1264 2476 1476 2556 anapaestum

329 2577 509 2673 continuas.
555 2575 661 2642 Versu
685 2577 750 2642 804
773 2599 833 2662 pro
858 2577 1016 2643 librorum
1040 2577 1201 2660 scriptura

418 2700 578 2768 Continuo
601 2701 720 2784 operito
744 2700 858 2786 denuo,
882 2700 936 2766 sed
960 2701 1143 2766 clanculum

330 2849 427 2891 ausus
451 2849 524 2891 sum
546 2825 734 2891 Ennianum
758 2831 862 2909 operia
881 2824 1076 2912 reponere*)
1101 2824 1246 2911 (quando
1265 2848 1331 2890 non
1350 2849 1478 2912 semper

328 2933 558 3019 frequentandi
582 2933 647 2997 vim
670 2932 910 3016 frequentativa
932 2930 1032 2998 verba
1055 2937 1181 3016 tenent,
1205 2933 1476 3016 quemadmodum

329 3041 525 3125 aliquotiens
540 3040 673 3122 ropilorc
686 3038 822 3104 Plautus
842 3061 900 3123 pro
921 3037 1060 3124 simplici
1079 3059 1188 3122 roparc
1205 3039 1317 3123 posuit
1332 3037 1437 3120 [Oura.
1451 3037 1478 3124 l,

331 3145 529 3231 1,13.19]):
554 3145 687 3230 quodsi
711 3147 783 3230 quis
807 3147 953 3230 poeticae
978 3146 1134 3210 orationis
1158 3145 1326 3230 proprium
1350 3145 1478 3230 dixerit

329 3258 479 3338 exspecto
503 3253 580 3336 quid
605 3255 845 3336 excogitatums
869 3253 913 3318 sit
936 3253 976 3317 ad
1005 3253 1152 3319 codicum
1182 3253 1373 3317 memoriam
1402 3275 1477 3337 pro·

329 3361 401 3443 pius
425 3383 522 3444 quam
546 3358 824 3426 Hermannianam
849 3359 1057 3442 Continuoque
1079 3361 1163 3441 operi
1190 3359 1288 3424 dmuo
1312 3358 1476 3423 accedens.

327 3467 382 3530 Ea
405 3467 495 3548 [Em]
519 3488 588 3532 mea
610 3468 775 3548 malefacta
797 3467 832 3531 in
855 3467 1014 3552 principio
1039 3489 1066 3530 v.
1091 3467 1154 3531 185
1179 3466 1286 3549 posita
1311 3487 1389 3530 care
1417 3487 1476 3549 pro

329 3571 456 3656 dactylo
490 3595 562 3638 cum
596 3579 773 3658 anapaesto
806 3573 942 3638 habeas:
976 3574 1031 3637 ubi
1065 3577 1122 3637 aut
1150 3595 1217 3636 mcc
1245 3573 1390 3656 syllabae
1418 3576 1475 3636 aut

327 3679 464 3744 maloin
489 3701 588 3743 unam
614 3679 911 3764 contrabantur.**)
955 3677 1101 3744 Similem
1125 3680 1380 3744 contractionem
1409 3699 1474 3742 me·

327 3789 437 3851 mento
460 3789 542 3851 enim
565 3787 745 3871 particulae
769 3786 921 3850 adhibere
945 3811 973 3851 v.
997 3787 1062 3852 806
1087 3785 1140 3867 [cf.
1164 3808 1194 3870 p.
1218 3786 1313 3866 400]:

415 3928 466 3995 Ita
485 3929 617 3994 ficiam:
641 3930 687 3994 At
710 3911 797 3994 duim
820 3929 917 3993 nimis
940 3929 1039 4042 longo
1063 3950 1211 3993 sermone
1234 3929 1371 3994 utimur:

326 4095 402 4137 nam
431 4095 490 4139 sua
517 4077 633 4157 sponte
661 4072 861 4157 intellegitur
888 4051 967 4136 11011
984 4071 1088 4157 magis
1116 4093 1214 4154 quam
1242 4071 1407 4156 dactylum
1431 4071 1473 4135 ab

327 4185 505 4263 anapaesto
528 4179 633 4264 excipi
656 4179 980 4265 proceleusmaticum
1004 4201 1108 4262 posse.

327 4307 413 4312 —.-.
434 4307 537 4314 -.-.-—-.

415 4354 440 4424 ἢ
460 4357 532 4426 [Hoc
551 4357 761 4411 retractandum
780 4371 841 4410 case
861 4353 1029 4409 Ritechelius
1048 4353 1200 4408 intellexit:
1223 4351 1379 4408 Cominuod
1396 4355 1474 4422 operi

326 4443 355 4498 ia
374 4444 416 4499 ed.
436 4447 485 4498 alt.
505 4445 625 4514 scripsit,
645 4447 679 4502 cl.
699 4445 770 4500 Nor.
790 4461 848 4499 exc.
868 4443 959 4498 Plaut.
979 4444 991 4497 l
1010 4461 1036 4512 p.
1057 4444 1156 4513 86η]

397 4533 437 4600 **)
457 4535 599 4600 [molsacla
614 4533 784 4587 Ritsebelius
798 4533 909 4602 scripsit
918 4534 946 4587 in
957 4533 999 4588 cd.
1012 4533 1075 4587 altr
1090 4533 1124 4587 ci.
1137 4531 1236 4601 Opusc.
1248 4531 1317 4601 phil.
1329 4533 1354 4585 ll
1362 4549 1388 4602 p.
1398 4533 1472 4601 m]
