3332 5074
534 425 796 475 anssnsmoms
821 425 1028 476 nnavmnan.
1295 411 1360 475 449

217 571 346 642 iunctus
370 593 440 635 esse
464 569 551 636 Trin.
575 573 654 637 582:

305 714 367 779 Dic
390 712 531 800 Callicli,
555 737 606 778 me
630 721 666 779 ut
689 715 858 780 cdaroenicit.
896 713 956 780 s'l.
979 715 1057 800 quin
1080 719 1117 779 tu
1140 713 1154 778 i
1175 715 1280 779 modo.

219 857 271 920 Ab
296 858 551 956 interrogatique
579 856 720 923 fortasse
744 857 871 923 veniam
900 857 1000 922 babet
1022 856 1138 922 Bacch.
1163 857 1229 921 214
1253 857 1361 940 [246]:

306 1000 411 1066 Salue‘.
449 999 503 1064 sed
527 1001 695 1065 ubinamst
717 1000 950 1066 Mnesilocbcis?
996 998 1306 1096 omniasemel:

216 1165 412 1227 quamquam
436 1143 482 1206 ibi
504 1164 569 1206 non
593 1144 703 1226 inepte
727 1142 865 1208 Bothius
889 1145 942 1208 tabi
964 1140 1175 1208 Mnasilochus
1197 1161 1273 1205 nam
1296 1141 1361 1204 est?

217 1250 399 1333 proposuit,
427 1272 509 1333 quae
533 1249 704 1316 collocatio
729 1251 981 1336 interrogativae
1002 1271 1078 1314 raom
1101 1247 1279 1332 particulae
1303 1247 1360 1311 ali·

217 1356 367 1439 quotiens
392 1356 580 1422 oblitterata
604 1363 654 1422 est
681 1357 734 1441 (nt
756 1358 830 1422 hinc
853 1356 981 1439 quidem
1004 1357 1095 1421 nulla
1118 1356 1159 1420 lis
1184 1355 1228 1418 sit
1249 1357 1361 1420 nostro

217 1463 441 1548 supplemento
465 1465 625 1528 movenda
647 1463 734 1528 Tria.
761 1464 849 1550 130).
888 1464 967 1529 Plus
992 1465 1091 1528 etiam
1115 1461 1304 1527 offensionis
1328 1461 1362 1524 in
1377 1477 1474 1516 ccxnr

217 1571 279 1633 fine
303 1570 464 1634 enuntiati
487 1569 594 1654 posita
617 1572 725 1636 ionica
747 1594 808 1637 vox
831 1569 973 1658 habet*)
996 1568 1112 1634 Bacch.
1137 1569 1200 1633 299
1226 1567 1333 1650 [33112

307 1709 369 1777 sea
393 1711 526 1820 asuegne
549 1712 611 1777 aa
635 1716 685 1777 es
711 1713 915 1780 risanae?
952 1711 1019 1778 cn.
1043 1713 1141 1776 essm
1164 1681 1312 1797 rogasa'

217 1853 308 1918 euius
336 1875 409 1919 cum
434 1855 539 1919 simile
564 1856 746 1940 exemplum
769 1856 929 1942 ignorem,
958 1857 1068 1922 nescio
1093 1877 1134 1920 an
1156 1853 1210 1918 hic
1234 1874 1361 1939 quoque

219 1982 330 2026 verum
349 1959 488 2026 Bothins
509 1963 636 2045 viderit,
658 1967 852 2049 praesertim
877 1988 950 2029 cum
969 1966 1003 2029 in
1021 1963 1115 2028 libris
1135 1984 1201 2027 non
1218 1963 1283 2038 iste,
1307 1960 1361 2023 sed

217 2071 286 2134 istic
308 2071 365 2136 sit:

307 2211 368 2277 Sed
392 2212 468 2277 istic
492 2211 682 2278 Theotimus
707 2213 839 2280 diuesne
864 2215 936 2279 est?
973 2211 1039 2280 CH.
1064 2214 1163 2278 etiam
1187 2207 1308 2296 rogas?

218 2353 299 2419 (lum
323 2355 550 2422 choriambicis
574 2361 683 2421 autem
708 2358 873 2424 vocabulis
897 2358 959 2422 etsi
981 2380 1040 2440 per
1064 2379 1097 2422 sc
1121 2356 1255 2420 minime
1278 2375 1362 2418 com-

217 2463 362 2545 paranda
385 2466 462 2526 sunt
484 2465 750 2546 anapaestico,
781 2486 855 2547 nec,
883 2465 939 2529 ubi
965 2469 1144 2547 oxytonum
1167 2485 1232 2528 non
1257 2462 1361 2546 sequi-

217 2576 284 2654 tur,
316 2570 559 2654 anapaesticum
591 2574 724 2654 quartus
757 2593 813 2654 pes
846 2571 992 2636 admisit:
1030 2569 1120 2656 (nam
1152 2570 1362 2635 deterrimum

217 2699 346 2741 versum
370 2675 439 2740 Mil.
461 2675 510 2761 Π,
533 2677 562 2758 6,
587 2677 628 2742 73
651 2676 783 2741 Fateor:
805 2679 918 2760 quodni
936 2677 1056 2758 fateare
1078 2678 1191 2762 manet
1211 2677 1293 2759 quod
1313 2679 1362 2739 ai-

216 2785 314 2849 deam
343 2782 429 2848 infra
456 2781 738 2867 emaculabimus:)
762 2789 871 2848 tamen
895 2790 984 2849 certa
1008 2783 1068 2848 hac
1092 2784 1292 2866 condicione,
1327 2787 1363 2846 ut

218 2915 291 2956 cum
315 2890 540 2974 monosyllaba
563 2911 640 2955 voce
663 2891 697 2954 in
720 2889 930 2956 choriambici
954 2892 1103 2957 vocabuli
1127 2891 1266 2975 speciem
1291 2911 1363 2954 coa-

218 2999 354 3063 lesceret
381 2997 636 3082 anapaestioum,
670 2997 764 3080 eique
791 2998 1026 3063 consociationi
1054 3019 1120 3062 non
1143 2999 1364 3080 repugnarent

218 3107 273 3170 sed
292 3105 441 3170 faverent
460 3105 709 3170 constructionis
727 3103 1062 3189 interpunctionisque
1081 3104 1261 3188 intervalla,
1280 3103 1362 3168 raris

218 3212 412 3297 quibusdam
440 3211 595 3296 exemplis
624 3210 709 3275 idem
737 3212 822 3296 quod
846 3211 880 3275 in
903 3212 1132 3276 choriambicis
1156 3211 1279 3275 factum
1304 3214 1362 3274 est.

218 3317 303 3383 Hinc
322 3318 424 3403 igitur
444 3323 495 3383 ert
514 3341 570 3383 cur
584 3319 760 3384 offensione
775 3324 907 3386 careant
920 3318 988 3383 Mil.
1002 3317 1027 3402 l,
1041 3321 1067 3401 1,
1077 3319 1107 3382 6.
1122 3319 1173 3383 29.
1196 3317 1254 3402 IV,
1265 3318 1295 3400 3,
1305 3319 1369 3384 322.

308 3457 358 3523 Ne
382 3461 577 3525 lamentetur
599 3463 675 3525 nene
696 3463 838 3525 animam
861 3460 1068 3546 despondeat.

308 3564 448 3630 Conisus
472 3588 573 3649 esses,
590 3569 649 3647 pe'r
671 3569 801 3645 corium,
825 3589 882 3651 per
904 3565 1037 3634 uiscera.

306 3673 396 3737 Istdc
419 3693 498 3737 caue
522 3672 618 3737 laxis:
641 3677 718 3754 qaia
736 3677 842 3756 potius
864 3695 922 3759 per
945 3675 1094 3759 gratiam.

219 3817 281 3883 sed
306 3816 390 3901 quod
410 3817 513 3880 multo
534 3837 610 3881 sane
629 3819 735 3901 magis
754 3817 872 3880 mirum
892 3823 951 3901 est,
974 3816 1056 3880 illud
1075 3821 1134 3899 est,
1157 3818 1242 3900 quod
1262 3817 1361 3881 etiam
1381 3847 1390 3862 ·

219 3925 445 4008 molossum,
479 3923 533 4008 qui
566 3923 626 3987 etsi
658 3946 842 3988 mensnram
876 3923 1056 3989 choriambi
1089 3927 1220 4008 aequat,
1251 3929 1361 3986 tamen

219 4031 337 4096 mirum
361 4033 519 4113 quantum
548 4029 589 4094 ab
613 4030 682 4094 eius
707 4030 913 4095 volubilitate
937 4030 1051 4115 distat,
1074 4053 1138 4095 non
1161 4051 1295 4112 prorsus
1321 4029 1362 4092 ab

218 4137 274 4202 illo
298 4159 409 4202 versus
433 4136 506 4200 loco
530 4135 696 4200 exclusum
720 4135 821 4202 fuisse
840 4136 997 4221 exemplis
1016 4135 1208 4200 credendum
1227 4138 1285 4199 est.
1317 4133 1363 4198 Et

219 4243 385 4308 excusatio
406 4241 535 4328 quidem
555 4240 676 4325 eadem,
699 4265 781 4326 quac
801 4243 974 4308 verborum
993 4241 1161 4308 ordinibus
1180 4241 1363 4307 conaenidm

217 4350 368 4431 plantam
377 4351 485 4432 potest,
499 4353 615 4433 parata
627 4346 714 4412 foret
726 4349 847 4414 talibus
866 4350 962 4434 quale
976 4347 1062 4412 Trin.
1073 4348 1139 4413 550
1153 4347 1362 4433 vulgabatur:

247 4476 408 4485 ..-...--.-

324 4541 350 4610 *)
371 4540 423 4612 [Gi.
443 4539 533 4596 Trisa'
551 4541 646 4596 annot.
665 4541 701 4595 ad
720 4559 746 4597 v.
766 4541 840 4611 922]

273 4649 313 4684 ra.
333 4647 483 4684 arrsonmu
503 4651 640 4688 oevscvua
661 4651 685 4686 v.
1116 4637 1149 4684 -29
