3338 5072
312 363 377 428 358
601 374 863 424 raousaounua
885 376 933 422 ns
957 375 1168 424 usrrormvs

311 485 448 608 ticula*)
472 520 579 603 habet
617 519 721 596 Quam
741 519 825 585 ratio
848 518 977 603 quidem
999 519 1089 584 iubet
1112 520 1205 603 plene
1230 521 1305 584 ante
1328 521 1457 586 vocales

312 628 425 713 scribi,
451 631 488 693 ut
514 627 554 692 fit
580 627 615 693 in
643 626 776 692 elisione
804 626 923 710 latina,
957 627 1046 692 velut
1074 627 1200 710 qualine
1228 629 1343 713 ammo,
1375 630 1460 694 itcac

263 760 284 796 a
311 757 386 803 esec:
414 736 484 801 sine
513 733 754 820 apostrophe
783 737 891 798 autem
919 736 956 798 ut
984 732 1181 799 Graecorum
1209 735 1275 814 πὰρ
1303 735 1458 816 ποταμόν,

313 842 367 907 ubi
396 845 472 907 ante
500 845 732 908 consonantem
760 844 944 925 truncatur,
972 840 1061 906 velut
1086 840 1201 906 todeca
1218 848 1359 925 pactam,
1390 865 1460 908 men

312 951 470 1032 suamquc,
498 949 555 1014 ubi
583 948 713 1034 quidem
741 949 821 1014 nulli
849 971 982 1032 prorsus
1011 949 1083 1014 usui
1107 949 1218 1014 circuli
1242 949 1381 1015 adiectio
1404 949 1459 1015 hc·

312 1055 395 1121 0555
417 1057 506 1121 mcn'.
543 1056 666 1122 Verum
690 1061 800 1122 tamen
825 1057 923 1122 etiam
946 1057 981 1122 in
1005 1057 1112 1141 priore
1136 1077 1252 1142 genere
1275 1060 1344 1122 tam
1364 1080 1459 1144 saepe

312 1163 346 1227 in
375 1162 507 1248 optimis
535 1164 628 1228 libris
657 1163 729 1248 ipsa
757 1185 772 1228 c
800 1163 924 1228 vocalis
952 1163 1080 1229 abiecta
1108 1166 1173 1243 est,
1201 1162 1281 1230 baec
1304 1169 1342 1230 ut
1364 1166 1460 1231 fidem

312 1269 436 1336 faciant
458 1291 524 1336 non
548 1270 756 1337 abhorruisse
784 1293 856 1336 eam
885 1270 1077 1354 scripturam
1101 1293 1121 1335 a
1144 1273 1290 1337 veterum
1314 1272 1460 1339 doctrina

313 1377 610 1462 grammaticorum.
656 1375 862 1444 Servavimus
895 1377 1010 1462 igitur,
1046 1377 1101 1442 sed
1134 1377 1317 1442 necessario
1350 1377 1461 1444 addita

314 1485 523 1570 apostrophe,
541 1485 630 1550 cuius
649 1485 739 1550 nulla
757 1506 910 1569 umquam
928 1485 962 1548 in
981 1483 1074 1548 libris
1094 1483 1289 1569 significatio
1309 1485 1355 1568 fit,
1374 1486 1460 1550 velut

313 1592 551 1658 cmoaaliman’
583 1613 652 1658 cum
683 1614 712 1656 v.
742 1591 819 1670 136,
850 1591 963 1672 folsoo'
996 1611 1040 1656 aa
1067 1591 1146 1674 210,
1178 1591 1295 1656 luctor
1326 1594 1361 1657 ia
1384 1593 1459 1678 609,

313 1699 412 1782 apson’
435 1701 512 1764 istos
536 1699 610 1782 902,
633 1699 778 1765 uocbtic'
801 1688 1056 1764 mmrmm'sca:
1080 1699 1196 1782 quibus
1217 1700 1373 1784 exemplis
1393 1722 1461 1765 om·

250 1829 302 1871 cvr
316 1806 413 1871 nibus
440 1828 456 1872 e
482 1807 685 1871 intercidisse
713 1805 918 1871 librariorum
945 1806 1072 1871 incuria
1099 1806 1202 1872 multo
1231 1806 1337 1872 minus
1362 1806 1461 1872 credi-

314 1914 379 1979 bile
403 1918 453 1978 est
481 1935 576 1998 quam
601 1914 775 1998 probatum
798 1935 869 1978 esse
892 1912 954 1978 hoc
977 1934 1079 1999 genus
1104 1935 1123 1978 a
1146 1913 1266 1979 criticis
1290 1913 1330 1978 ad
1353 1915 1461 2000 graeci

314 2021 453 2105 exempli
472 2019 729 2086 similitudinem.
761 2019 904 2085 Rursum
924 2025 1033 2086 autem
1053 2019 1227 2106 singularis
1246 2020 1331 2086 ratio
1350 2041 1460 2085 eorum

315 2129 366 2192 est
388 2149 469 2211 quae
493 2127 650 2192 extritae
673 2127 783 2191 littera
806 2127 840 2190 in
862 2147 908 2205 era,
931 2128 966 2192 ia
989 2127 1178 2192 abbreviata
1203 2129 1286 2210 sunt,
1308 2129 1346 2191 ut
1368 2129 1461 2192 color

313 2235 415 2300 auden
437 2235 536 2299 credin
559 2234 642 2298 otia
688 2233 776 2310 Quae
801 2237 955 2300 curante
979 2238 1210 2300 consonantem
1234 2233 1402 2318 collocata,
1425 2237 1462 2299 ut

314 2341 407 2406 scalea
424 2345 524 2426 parer,
545 2341 644 2406 55555
668 2346 710 2426 to,
733 2340 931 2425 apostrophe
952 2344 1141 2426 augeantur,
1163 2341 1304 2425 primum
1328 2362 1395 2406 non
1418 2341 1462 2406 sit

314 2431 386 2531 plus
409 2468 542 2512 caussae
564 2446 710 2512 futurum
733 2469 831 2532 quam
859 2449 893 2513 in
920 2447 1035 2514 habeon
1055 2454 1200 2531 poclum:
1233 2452 1267 2512 at
1295 2448 1461 2532 aliquanto

315 2555 395 2620 adeo
415 2553 521 2620 minus
545 2577 614 2619 esse
637 2555 713 2621 hino
736 2556 931 2641 perspicitur
954 2556 1054 2640 quod,
1077 2556 1108 2620 si,
1127 2556 1229 2622 aala’
1253 2555 1360 2621 audin'
1385 2555 1461 2620 scri·

315 2660 422 2747 batur,
444 2662 525 2728 haec
547 2685 615 2728 non
637 2663 743 2748 possis
766 2685 834 2730 non
855 2686 916 2748 pro
938 2665 1046 2730 colem
1068 2665 1182 2730 audias
1201 2663 1288 2730 dicta
1306 2664 1462 2750 accipere,

316 2790 398 2854 quae
431 2774 551 2838 tamen,
574 2769 698 2836 formae
733 2792 912 2856 numquam
943 2771 1046 2836 fuere:
1083 2793 1160 2835 nam
1192 2793 1256 2836 una
1288 2770 1461 2856 eademque

315 2875 497 2942 mutatione
525 2879 638 2962 plenae
665 2878 789 2944 uocem
815 2879 945 2944 audisne
968 2899 1063 2944 voces
1087 2882 1120 2943 et
1142 2899 1158 2944 s
1181 2881 1215 2942 et
1236 2899 1253 2942 c
1275 2878 1462 2962 amiserunt,

314 3003 374 3047 nec
398 2983 503 3069 magis
526 2986 634 3051 aclea
657 3006 754 3070 quam
776 2985 885 3051 calesu
909 2985 1118 3051 admiserunt.
1159 2983 1245 3051 Hinc
1267 2985 1368 3070 igitur
1386 3007 1461 3051 con-

316 3095 507 3157 sentaneum
536 3093 640 3158 visum
667 3091 877 3180 (quamquam
904 3093 1020 3158 talium
1048 3092 1173 3158 nullam
1196 3113 1267 3158 esse
1289 3093 1461 3158 necessita-

316 3177 382 3262 teln
415 3196 586 3285 largimur)
619 3198 687 3264 eine
720 3198 919 3284 apostrophe
952 3199 1051 3264 etiam
1084 3201 1159 3264 ante
1192 3199 1336 3264 vocalem
1368 3199 1461 3264 aaa

315 3311 429 3388 epesas
456 3328 484 3372 v.
508 3306 572 3371 847
602 3304 700 3370 scribi
728 3309 761 3370 et
787 3305 862 3372 otia
888 3304 961 3371 laiac
990 3328 1019 3371 v.
1047 3304 1121 3372 457.
1167 3304 1228 3372 Oui
1256 3305 1388 3371 minime
1416 3328 1462 3370 re·

387 3519 416 3587 ²⁸)
435 3515 477 3572 Ea
495 3517 636 3588 particula
653 3516 710 3572 dici
727 3518 826 3587 nequit
844 3518 971 3589 quotiens
989 3517 1166 3574 librariorum
1186 3517 1294 3572 incuria
1307 3518 1352 3574 vel
1367 3517 1464 3590 elapsa

316 3607 355 3662 sit
371 3607 417 3661 vel
436 3606 593 3662 obscurata.
622 3605 713 3673 Quam
731 3623 765 3663 ex
784 3609 811 3662 A
826 3607 1021 3665 revocavimus
1039 3625 1064 3663 v.
1080 3613 1141 3662 350.
1161 3611 1221 3662 380.
1241 3611 1302 3662 378.
1321 3612 1382 3662 400.
1402 3612 1463 3675 515,

317 3695 477 3751 coniectura
492 3694 618 3750 additam
632 3697 788 3767 recepimus
801 3714 826 3751 v.
842 3703 902 3751 375.
919 3703 978 3752 835.
994 3701 1054 3752 885.
1069 3702 1130 3764 957,
1149 3695 1235 3750 tutati
1254 3713 1348 3751 snmus
1366 3715 1392 3754 v.
1403 3701 1463 3750 848.

317 3785 492 3854 Quamquam
511 3785 598 3840 etiarn
616 3801 764 3856 perperam
782 3786 812 3840 in
830 3785 973 3840 codicibus
991 3783 1110 3841 accessit
1128 3786 1160 3839 55
1178 3803 1203 3841 v.
1220 3791 1280 3854 127,
1299 3783 1348 3838 ubi
1365 3785 1465 3842 dedisti

316 3859 481 3945 arpentum?
500 3890 556 3930 non
575 3876 619 3931 eat
636 3873 846 3945 interrogantis,
865 3873 913 3943 qui
932 3873 1008 3943 qnod
1026 3871 1135 3929 neseiat
1152 3872 1317 3942 sciscitetur,
1337 3872 1462 3930 sedeam

316 3962 445 4020 irrisione
464 3963 632 4033 quaerentis.
669 3962 799 4020 Dubitari
823 3964 918 4033 potest
940 3961 1020 4018 dev.
1042 3968 1119 4032 locs,
1144 3979 1212 4018 num
1229 3963 1332 4018 rectius
1350 3962 1390 4018 lbi
1407 3977 1464 4016 noa

317 4069 401 4125 quarn
424 4069 514 4109 nonae
537 4053 647 4123 legatur
671 4052 723 4124 [alc
746 4050 861 4121 Trin.'],
885 4051 962 4106 cuius
985 4051 1105 4107 altemm
1128 4068 1191 4106 cum
1214 4050 1354 4106 infinitivo
1371 4067 1464 4105 exem·

316 4143 395 4212 plum
413 4141 575 4197 Plautinum
594 4141 731 4197 desidero.
763 4140 850 4196 Recte
864 4141 923 4195 siue
941 4157 975 4195 ac
992 4139 1181 4212 interrogatur
1194 4159 1220 4196 v.
1236 4145 1288 4194 318
1307 4141 1465 4209 exprobras,

318 4236 369 4287 805
384 4232 443 4286 aiae
456 4231 517 4286 dote
530 4230 618 4296 dabit,
637 4235 689 4285 708
703 4233 775 4284 anes
792 4229 858 4296 iam,
877 4235 929 4283 912
948 4231 1005 4285 5555
1023 4227 1263 4296 recommentuta'a
1282 4233 1334 4284 985
1352 4229 1464 4296 fossu'a,

250 4347 253 4352 ·
318 4319 423 4390 dispari
441 4321 537 4375 autem
555 4317 664 4374 ratione
682 4335 709 4372 v.
728 4323 779 4371 941
804 4333 818 4372 e
836 4319 910 4373 caelo
928 4320 960 4373 55
978 4317 1096 4374 ridetur.
1134 4317 1179 4388 [V.
1198 4321 1251 4373 982
1269 4315 1464 4388 interrogatio-

318 4424 384 4463 nem
402 4424 488 4476 quam
505 4407 571 4462 aute
586 4422 648 4462 cum
663 4405 822 4462 Hermanno
837 4407 976 4462 statuerat
988 4405 1156 4462 Ritschelius
1171 4405 1201 4460 in
1218 4405 1261 4461 cd
1281 4405 1372 4460 altera
1389 4406 1465 4460 recte

318 4495 442 4566 Hauptio
460 4493 647 4565 improbatam
665 4491 755 4564 dicia]
