<?xml version="1.0" encoding="UTF-8"?>
<!DOCTYPE html PUBLIC "-//W3C//DTD XHTML 1.0 Transitional//EN"
    "http://www.w3.org/TR/xhtml1/DTD/xhtml1-transitional.dtd">
<html xmlns="http://www.w3.org/1999/xhtml" xml:lang="en" lang="en">
 <head>
  <title>
</title>
<meta http-equiv="Content-Type" content="text/html;charset=utf-8" />
  <meta name='ocr-system' content='tesseract 3.04.00' />
  <meta name='ocr-capabilities' content='ocr_page ocr_carea ocr_par ocr_line ocrx_word'/>
</head>
<body>
  <div class='ocr_page' id='page_1' title='image "./fridericiritsch07wachgoog_0422.png"; bbox 0 0 3332 5074; ppageno 0'>
   <div class='ocr_carea' id='block_1_1' title="bbox 532 395 1349 478">
    <p class='ocr_par' dir='ltr' id='par_1_1' title="bbox 532 395 1349 478">
     <span class='ocr_line' id='line_1_1' title="bbox 532 395 1349 478; baseline 0.005 -21"><span class='ocrx_word' id='word_1_1' title='bbox 532 409 794 459; x_wconf 76' lang='lat' dir='ltr'><strong>rruauosrroars</strong></span> <span class='ocrx_word' id='word_1_2' title='bbox 819 411 1025 458; x_wconf 77' lang='lat' dir='ltr'><strong>Pasvrruaa.</strong></span> <span class='ocrx_word' id='word_1_3' title='bbox 1163 472 1165 478; x_wconf 69' lang='lat'><strong>,</strong></span> <span class='ocrx_word' id='word_1_4' title='bbox 1283 395 1349 462; x_wconf 80' lang='lat'><strong>405</strong></span> 
     </span>
    </p>
   </div>
   <div class='ocr_carea' id='block_1_2' title="bbox 311 587 1255 674">
    <p class='ocr_par' dir='ltr' id='par_1_2' title="bbox 311 587 1255 674">
     <span class='ocr_line' id='line_1_2' title="bbox 311 587 1255 674; baseline 0 -21"><span class='ocrx_word' id='word_1_5' title='bbox 311 587 396 654; x_wconf 90' lang='lat' dir='ltr'><strong>Nam</strong></span> <span class='ocrx_word' id='word_1_6' title='bbox 421 587 499 673; x_wconf 87' lang='lat' dir='ltr'><strong>quid</strong></span> <span class='ocrx_word' id='word_1_7' title='bbox 523 611 560 654; x_wconf 91' lang='lat' dir='ltr'><strong>eo</strong></span> <span class='ocrx_word' id='word_1_8' title='bbox 584 587 756 654; x_wconf 81' lang='lat' dir='ltr'>introibis?</span> <span class='ocrx_word' id='word_1_9' title='bbox 802 589 833 653; x_wconf 91' lang='lat' dir='ltr'>V</span> <span class='ocrx_word' id='word_1_10' title='bbox 871 612 945 654; x_wconf 90' lang='lat' dir='ltr'><strong>eum</strong></span> <span class='ocrx_word' id='word_1_11' title='bbox 969 589 1063 655; x_wconf 86' lang='lat' dir='ltr'><strong>dictis</strong></span> <span class='ocrx_word' id='word_1_12' title='bbox 1086 589 1255 674; x_wconf 75' lang='lat' dir='ltr'><strong>plurumis.</strong></span> 
     </span>
    </p>
   </div>
   <div class='ocr_carea' id='block_1_3' title="bbox 72 729 1435 3060">
    <p class='ocr_par' dir='ltr' id='par_1_3' title="bbox 72 729 1435 3060">
     <span class='ocr_line' id='line_1_3' title="bbox 204 729 1347 818; baseline 0.003 -23"><span class='ocrx_word' id='word_1_13' title='bbox 204 730 384 796; x_wconf 88' lang='lat' dir='ltr'><strong>Metrorum</strong></span> <span class='ocrx_word' id='word_1_14' title='bbox 413 736 521 796; x_wconf 86' lang='lat' dir='ltr'><strong>autem</strong></span> <span class='ocrx_word' id='word_1_15' title='bbox 550 731 732 796; x_wconf 73' lang='lat' dir='ltr'><strong>diversitati</strong></span> <span class='ocrx_word' id='word_1_16' title='bbox 760 737 916 818; x_wconf 90' lang='lat' dir='ltr'><strong>quantum</strong></span> <span class='ocrx_word' id='word_1_17' title='bbox 940 729 1149 797; x_wconf 88' lang='lat' dir='ltr'><strong>tribuendum</strong></span> <span class='ocrx_word' id='word_1_18' title='bbox 1173 731 1228 816; x_wconf 82' lang='lat' dir='ltr'><strong>rit,</strong></span> <span class='ocrx_word' id='word_1_19' title='bbox 1261 733 1347 798; x_wconf 89' lang='lat' dir='ltr'><strong>lucu·</strong></span> 
     </span>
     <span class='ocr_line' id='line_1_4' title="bbox 204 837 1347 924; baseline 0.003 -23"><span class='ocrx_word' id='word_1_20' title='bbox 204 837 385 903; x_wconf 88' lang='lat' dir='ltr'><strong>lentissime</strong></span> <span class='ocrx_word' id='word_1_21' title='bbox 408 861 519 904; x_wconf 90' lang='lat' dir='ltr'><strong>eorum</strong></span> <span class='ocrx_word' id='word_1_22' title='bbox 538 839 770 904; x_wconf 90' lang='lat' dir='ltr'><strong>vocabulorum</strong></span> <span class='ocrx_word' id='word_1_23' title='bbox 790 839 935 924; x_wconf 85' lang='lat' dir='ltr'><strong>exemplo</strong></span> <span class='ocrx_word' id='word_1_24' title='bbox 955 843 1101 924; x_wconf 88' lang='lat' dir='ltr'><strong>apparet,</strong></span> <span class='ocrx_word' id='word_1_25' title='bbox 1125 862 1261 924; x_wconf 89' lang='lat' dir='ltr'><strong>quorum</strong></span> <span class='ocrx_word' id='word_1_26' title='bbox 1284 843 1347 904; x_wconf 90' lang='lat' dir='ltr'><strong>ter·</strong></span> 
     </span>
     <span class='ocr_line' id='line_1_5' title="bbox 205 941 1348 1030; baseline 0.003 -22"><span class='ocrx_word' id='word_1_27' title='bbox 205 944 340 1010; x_wconf 90' lang='lat' dir='ltr'><strong>minatio</strong></span> <span class='ocrx_word' id='word_1_28' title='bbox 363 947 377 1010; x_wconf 86' lang='lat' dir='ltr'><strong>i</strong></span> <span class='ocrx_word' id='word_1_29' title='bbox 400 945 545 1011; x_wconf 81' lang='lat' dir='ltr'>vocalem</span> <span class='ocrx_word' id='word_1_30' title='bbox 567 944 668 1010; x_wconf 90' lang='lat' dir='ltr'><strong>habet</strong></span> <span class='ocrx_word' id='word_1_31' title='bbox 691 945 747 1009; x_wconf 92' lang='lat' dir='ltr'><strong>alii</strong></span> <span class='ocrx_word' id='word_1_32' title='bbox 770 945 875 1010; x_wconf 91' lang='lat' dir='ltr'><strong>vocali</strong></span> <span class='ocrx_word' id='word_1_33' title='bbox 900 945 1122 1030; x_wconf 79' lang='lat' dir='ltr'><strong>praemissam.</strong></span> <span class='ocrx_word' id='word_1_34' title='bbox 1161 941 1248 1010; x_wconf 87' lang='lat' dir='ltr'><strong>Satis</strong></span> <span class='ocrx_word' id='word_1_35' title='bbox 1273 967 1348 1011; x_wconf 91' lang='lat' dir='ltr'><strong>cou-</strong></span> 
     </span>
     <span class='ocr_line' id='line_1_6' title="bbox 205 1045 1348 1138; baseline 0.003 -24"><span class='ocrx_word' id='word_1_36' title='bbox 205 1053 272 1116; x_wconf 88' lang='lat' dir='ltr'><strong>stat</strong></span> <span class='ocrx_word' id='word_1_37' title='bbox 295 1051 333 1116; x_wconf 89' lang='lat' dir='ltr'><strong>de</strong></span> <span class='ocrx_word' id='word_1_38' title='bbox 357 1045 595 1136; x_wconf 79' lang='lat' dir='ltr'><strong>monosyllabis</strong></span> <span class='ocrx_word' id='word_1_39' title='bbox 619 1053 709 1130; x_wconf 87' lang='lat' dir='ltr'><strong>dics,</strong></span> <span class='ocrx_word' id='word_1_40' title='bbox 733 1053 798 1116; x_wconf 81' lang='lat' dir='ltr'><strong>dia</strong></span> <span class='ocrx_word' id='word_1_41' title='bbox 821 1051 924 1136; x_wconf 87' lang='lat' dir='ltr'><strong>(Trin.</strong></span> <span class='ocrx_word' id='word_1_42' title='bbox 940 1053 991 1118; x_wconf 86' lang='lat'><strong>65.</strong></span> <span class='ocrx_word' id='word_1_43' title='bbox 1020 1051 1093 1116; x_wconf 77' lang='lat'><strong>578.</strong></span> <span class='ocrx_word' id='word_1_44' title='bbox 1121 1050 1234 1138; x_wconf 83' lang='lat'><strong>685..*)</strong></span> <span class='ocrx_word' id='word_1_45' title='bbox 1255 1049 1348 1138; x_wconf 79' lang='lat'>843):</span> 
     </span>
     <span class='ocr_line' id='line_1_7' title="bbox 203 1156 1346 1244; baseline 0.002 -23"><span class='ocrx_word' id='word_1_46' title='bbox 203 1180 380 1243; x_wconf 82' lang='lat' dir='ltr'><strong>numquam</strong></span> <span class='ocrx_word' id='word_1_47' title='bbox 405 1161 528 1242; x_wconf 88' lang='lat' dir='ltr'><strong>autem,</strong></span> <span class='ocrx_word' id='word_1_48' title='bbox 551 1157 585 1221; x_wconf 93' lang='lat' dir='ltr'><strong>id</strong></span> <span class='ocrx_word' id='word_1_49' title='bbox 608 1156 692 1244; x_wconf 89' lang='lat' dir='ltr'><strong>quod</strong></span> <span class='ocrx_word' id='word_1_50' title='bbox 716 1161 938 1222; x_wconf 75' lang='lat' dir='ltr'><strong>asseveranter</strong></span> <span class='ocrx_word' id='word_1_51' title='bbox 961 1156 1122 1222; x_wconf 88' lang='lat' dir='ltr'><strong>affirmare</strong></span> <span class='ocrx_word' id='word_1_52' title='bbox 1145 1156 1235 1242; x_wconf 91' lang='lat' dir='ltr'><strong>licet,</strong></span> <span class='ocrx_word' id='word_1_53' title='bbox 1258 1160 1346 1244; x_wconf 90' lang='lat' dir='ltr'><strong>syni-</strong></span> 
     </span>
     <span class='ocr_line' id='line_1_8' title="bbox 203 1263 1347 1362; baseline 0 -34"><span class='ocrx_word' id='word_1_54' title='bbox 203 1265 302 1330; x_wconf 84' lang='lat' dir='ltr'><strong>assim</strong></span> <span class='ocrx_word' id='word_1_55' title='bbox 326 1266 359 1330; x_wconf 94' lang='lat' dir='ltr'><strong>in</strong></span> <span class='ocrx_word' id='word_1_56' title='bbox 384 1265 520 1362; x_wconf 69' lang='lat' dir='ltr'><strong>senariis</strong></span> <span class='ocrx_word' id='word_1_57' title='bbox 545 1265 673 1351; x_wconf 90' lang='lat' dir='ltr'><strong>quidem</strong></span> <span class='ocrx_word' id='word_1_58' title='bbox 697 1265 953 1350; x_wconf 88' lang='lat' dir='ltr'><strong>septenariisque</strong></span> <span class='ocrx_word' id='word_1_59' title='bbox 977 1264 1075 1328; x_wconf 89' lang='lat' dir='ltr'><strong>ullius</strong></span> <span class='ocrx_word' id='word_1_60' title='bbox 1099 1263 1183 1328; x_wconf 87' lang='lat' dir='ltr'><strong>alius</strong></span> <span class='ocrx_word' id='word_1_61' title='bbox 1206 1264 1347 1328; x_wconf 87' lang='lat' dir='ltr'><strong>nominis</strong></span> 
     </span>
     <span class='ocr_line' id='line_1_9' title="bbox 204 1367 1347 1456; baseline 0 -21"><span class='ocrx_word' id='word_1_62' title='bbox 204 1373 287 1436; x_wconf 92' lang='lat' dir='ltr'><strong>ullus</strong></span> <span class='ocrx_word' id='word_1_63' title='bbox 311 1393 404 1436; x_wconf 89' lang='lat' dir='ltr'><strong>casus</strong></span> <span class='ocrx_word' id='word_1_64' title='bbox 428 1367 570 1456; x_wconf 88' lang='lat' dir='ltr'><strong>(praeter</strong></span> <span class='ocrx_word' id='word_1_65' title='bbox 593 1370 779 1454; x_wconf 80' lang='lat' dir='ltr'><strong>genetivum</strong></span> <span class='ocrx_word' id='word_1_66' title='bbox 803 1369 959 1436; x_wconf 86' lang='lat' dir='ltr'><strong>secundae</strong></span> <span class='ocrx_word' id='word_1_67' title='bbox 983 1367 1222 1456; x_wconf 87' lang='lat' dir='ltr'><strong>declinationis)</strong></span> <span class='ocrx_word' id='word_1_68' title='bbox 1247 1368 1347 1435; x_wconf 86' lang='lat' dir='ltr'><strong>admi·</strong></span> 
     </span>
     <span class='ocr_line' id='line_1_10' title="bbox 204 1477 1347 1558; baseline 0.002 -16"><span class='ocrx_word' id='word_1_69' title='bbox 204 1477 256 1558; x_wconf 88' lang='lat' dir='ltr'><strong>sit,</strong></span> <span class='ocrx_word' id='word_1_70' title='bbox 278 1499 336 1542; x_wconf 89' lang='lat' dir='ltr'><strong>nec</strong></span> <span class='ocrx_word' id='word_1_71' title='bbox 359 1480 554 1544; x_wconf 81' lang='lat' dir='ltr'><strong>mendacium</strong></span> <span class='ocrx_word' id='word_1_72' title='bbox 576 1499 635 1543; x_wconf 89' lang='lat' dir='ltr'><strong>nac</strong></span> <span class='ocrx_word' id='word_1_73' title='bbox 656 1479 817 1544; x_wconf 81' lang='lat' dir='ltr'><strong>mendacia</strong></span> <span class='ocrx_word' id='word_1_74' title='bbox 839 1500 899 1543; x_wconf 90' lang='lat' dir='ltr'><strong>neo</strong></span> <span class='ocrx_word' id='word_1_75' title='bbox 917 1479 1156 1556; x_wconf 75' lang='lat' dir='ltr'><strong>mocdccioram,</strong></span> <span class='ocrx_word' id='word_1_76' title='bbox 1179 1477 1247 1543; x_wconf 91' lang='lat' dir='ltr'><strong>sive</strong></span> <span class='ocrx_word' id='word_1_77' title='bbox 1266 1477 1347 1544; x_wconf 84' lang='lat' dir='ltr'><strong>haec</strong></span> 
     </span>
     <span class='ocr_line' id='line_1_11' title="bbox 203 1584 1347 1670; baseline 0.001 -21"><span class='ocrx_word' id='word_1_78' title='bbox 203 1584 410 1650; x_wconf 87' lang='lat' dir='ltr'><strong>substantiva</strong></span> <span class='ocrx_word' id='word_1_79' title='bbox 437 1589 513 1650; x_wconf 88' lang='lat' dir='ltr'><strong>sunt</strong></span> <span class='ocrx_word' id='word_1_80' title='bbox 541 1585 608 1650; x_wconf 91' lang='lat' dir='ltr'><strong>sive</strong></span> <span class='ocrx_word' id='word_1_81' title='bbox 638 1585 809 1670; x_wconf 89' lang='lat' dir='ltr'><strong>adiectiva,</strong></span> <span class='ocrx_word' id='word_1_82' title='bbox 836 1607 896 1650; x_wconf 89' lang='lat' dir='ltr'><strong>nec</strong></span> <span class='ocrx_word' id='word_1_83' title='bbox 918 1587 1076 1652; x_wconf 71' lang='lat' dir='ltr'><strong>treudacio</strong></span> <span class='ocrx_word' id='word_1_84' title='bbox 1098 1607 1158 1650; x_wconf 91' lang='lat' dir='ltr'><strong>nec</strong></span> <span class='ocrx_word' id='word_1_85' title='bbox 1180 1585 1347 1650; x_wconf 66' lang='lat' dir='ltr'><strong>mendaciis</strong></span> 
     </span>
     <span class='ocr_line' id='line_1_12' title="bbox 203 1691 1346 1776; baseline -0.002 -20"><span class='ocrx_word' id='word_1_86' title='bbox 203 1714 263 1758; x_wconf 89' lang='lat' dir='ltr'><strong>nec</strong></span> <span class='ocrx_word' id='word_1_87' title='bbox 285 1693 461 1758; x_wconf 63' lang='lat' dir='ltr'><strong>senuaar</strong></span> <span class='ocrx_word' id='word_1_88' title='bbox 482 1694 622 1758; x_wconf 81' lang='lat' dir='ltr'><strong>certiores</strong></span> <span class='ocrx_word' id='word_1_89' title='bbox 643 1693 832 1771; x_wconf 81' lang='lat' dir='ltr'><strong>mortalium,</strong></span> <span class='ocrx_word' id='word_1_90' title='bbox 855 1715 914 1758; x_wconf 88' lang='lat' dir='ltr'><strong>nec</strong></span> <span class='ocrx_word' id='word_1_91' title='bbox 937 1695 988 1758; x_wconf 90' lang='lat' dir='ltr'><strong>vel</strong></span> <span class='ocrx_word' id='word_1_92' title='bbox 1006 1695 1160 1776; x_wconf 81' lang='lat' dir='ltr'><strong>sapientia</strong></span> <span class='ocrx_word' id='word_1_93' title='bbox 1175 1692 1277 1774; x_wconf 75' lang='lat' dir='ltr'><strong>ploria</strong></span> <span class='ocrx_word' id='word_1_94' title='bbox 1295 1691 1346 1755; x_wconf 87' lang='lat' dir='ltr'><strong>vel</strong></span> 
     </span>
     <span class='ocr_line' id='line_1_13' title="bbox 204 1797 1346 1884; baseline -0.002 -20"><span class='ocrx_word' id='word_1_95' title='bbox 204 1800 283 1865; x_wconf 80' lang='lat' dir='ltr'><strong>acies</strong></span> <span class='ocrx_word' id='word_1_96' title='bbox 306 1799 357 1863; x_wconf 89' lang='lat' dir='ltr'><strong>vel</strong></span> <span class='ocrx_word' id='word_1_97' title='bbox 378 1799 474 1880; x_wconf 80' lang='lat' dir='ltr'><strong>factio</strong></span> <span class='ocrx_word' id='word_1_98' title='bbox 496 1799 596 1864; x_wconf 85' lang='lat' dir='ltr'><strong>oratio</strong></span> <span class='ocrx_word' id='word_1_99' title='bbox 618 1821 691 1864; x_wconf 89' lang='lat' dir='ltr'><strong>curn</strong></span> <span class='ocrx_word' id='word_1_100' title='bbox 711 1799 777 1864; x_wconf 87' lang='lat' dir='ltr'><strong>suis</strong></span> <span class='ocrx_word' id='word_1_101' title='bbox 797 1799 936 1884; x_wconf 88' lang='lat' dir='ltr'><strong>casibus,</strong></span> <span class='ocrx_word' id='word_1_102' title='bbox 959 1822 1018 1864; x_wconf 87' lang='lat' dir='ltr'><strong>nec</strong></span> <span class='ocrx_word' id='word_1_103' title='bbox 1036 1801 1155 1866; x_wconf 63' lang='lat' dir='ltr'><strong>neamus</strong></span> <span class='ocrx_word' id='word_1_104' title='bbox 1173 1799 1279 1863; x_wconf 83' lang='lat' dir='ltr'><strong>tertius</strong></span> <span class='ocrx_word' id='word_1_105' title='bbox 1297 1797 1346 1862; x_wconf 79' lang='lat' dir='ltr'><strong>ob</strong></span> 
     </span>
     <span class='ocr_line' id='line_1_14' title="bbox 205 1904 1346 1988; baseline -0.003 -18"><span class='ocrx_word' id='word_1_106' title='bbox 205 1907 318 1971; x_wconf 75' lang='lat' dir='ltr'><strong>riccius</strong></span> <span class='ocrx_word' id='word_1_107' title='bbox 340 1927 400 1971; x_wconf 88' lang='lat' dir='ltr'><strong>nec</strong></span> <span class='ocrx_word' id='word_1_108' title='bbox 422 1905 603 1971; x_wconf 71' lang='lat' dir='ltr'><strong>obnoxiosae</strong></span> <span class='ocrx_word' id='word_1_109' title='bbox 622 1904 672 1970; x_wconf 89' lang='lat' dir='ltr'><strong>vel</strong></span> <span class='ocrx_word' id='word_1_110' title='bbox 691 1906 906 1988; x_wconf 72' lang='lat' dir='ltr'><strong>impendimus.</strong></span> <span class='ocrx_word' id='word_1_111' title='bbox 934 1904 1056 1971; x_wconf 77' lang='lat' dir='ltr'><strong>Contra</strong></span> <span class='ocrx_word' id='word_1_112' title='bbox 1080 1907 1121 1970; x_wconf 88' lang='lat' dir='ltr'><strong>ab</strong></span> <span class='ocrx_word' id='word_1_113' title='bbox 1144 1905 1210 1970; x_wconf 89' lang='lat' dir='ltr'><strong>illis</strong></span> <span class='ocrx_word' id='word_1_114' title='bbox 1233 1905 1346 1968; x_wconf 87' lang='lat' dir='ltr'><strong>metris</strong></span> 
     </span>
     <span class='ocr_line' id='line_1_15' title="bbox 72 2011 1435 2099; baseline -0.004 -21"><span class='ocrx_word' id='word_1_115' title='bbox 72 2091 75 2096; x_wconf 43' lang='lat'><strong>.</strong></span> <span class='ocrx_word' id='word_1_116' title='bbox 203 2013 395 2097; x_wconf 87' lang='lat' dir='ltr'><strong>simulatque</strong></span> <span class='ocrx_word' id='word_1_117' title='bbox 414 2012 572 2077; x_wconf 86' lang='lat' dir='ltr'><strong>transitus</strong></span> <span class='ocrx_word' id='word_1_118' title='bbox 592 2013 698 2078; x_wconf 87' lang='lat' dir='ltr'><strong>factus</strong></span> <span class='ocrx_word' id='word_1_119' title='bbox 717 2017 768 2076; x_wconf 90' lang='lat' dir='ltr'><strong>est</strong></span> <span class='ocrx_word' id='word_1_120' title='bbox 786 2013 827 2077; x_wconf 89' lang='lat' dir='ltr'><strong>ad</strong></span> <span class='ocrx_word' id='word_1_121' title='bbox 846 2014 1029 2079; x_wconf 88' lang='lat' dir='ltr'><strong>octonarios</strong></span> <span class='ocrx_word' id='word_1_122' title='bbox 1049 2011 1435 2099; x_wconf 84' lang='lat' dir='ltr'><strong>anapaesticosquc,onx1</strong></span> 
     </span>
     <span class='ocr_line' id='line_1_16' title="bbox 204 2115 1346 2204; baseline -0.004 -20"><span class='ocrx_word' id='word_1_123' title='bbox 204 2121 359 2185; x_wconf 90' lang='lat' dir='ltr'><strong>continuo</strong></span> <span class='ocrx_word' id='word_1_124' title='bbox 388 2119 524 2184; x_wconf 84' lang='lat' dir='ltr'><strong>offensio</strong></span> <span class='ocrx_word' id='word_1_125' title='bbox 553 2119 658 2184; x_wconf 90' lang='lat' dir='ltr'><strong>omnis</strong></span> <span class='ocrx_word' id='word_1_126' title='bbox 686 2119 762 2184; x_wconf 89' lang='lat' dir='ltr'><strong>talis</strong></span> <span class='ocrx_word' id='word_1_127' title='bbox 791 2119 948 2204; x_wconf 87' lang='lat' dir='ltr'><strong>syniaesis</strong></span> <span class='ocrx_word' id='word_1_128' title='bbox 972 2119 1136 2184; x_wconf 88' lang='lat' dir='ltr'><strong>dilabitur.</strong></span> <span class='ocrx_word' id='word_1_129' title='bbox 1181 2115 1346 2183; x_wconf 86' lang='lat' dir='ltr'><strong>Vitiosum</strong></span> 
     </span>
     <span class='ocr_line' id='line_1_17' title="bbox 203 2222 1346 2310; baseline -0.003 -19"><span class='ocrx_word' id='word_1_130' title='bbox 203 2229 274 2292; x_wconf 88' lang='lat' dir='ltr'><strong>erat</strong></span> <span class='ocrx_word' id='word_1_131' title='bbox 296 2225 330 2289; x_wconf 90' lang='lat' dir='ltr'><strong>iu</strong></span> <span class='ocrx_word' id='word_1_132' title='bbox 354 2225 482 2291; x_wconf 90' lang='lat' dir='ltr'><strong>senario</strong></span> <span class='ocrx_word' id='word_1_133' title='bbox 498 2226 563 2291; x_wconf 86' lang='lat'><strong>658</strong></span> <span class='ocrx_word' id='word_1_134' title='bbox 587 2226 647 2290; x_wconf 74' lang='lat' dir='ltr'><strong>(itio</strong></span> <span class='ocrx_word' id='word_1_135' title='bbox 665 2222 842 2309; x_wconf 80' lang='lat' dir='ltr'><strong>cdptus**):</strong></span> <span class='ocrx_word' id='word_1_136' title='bbox 865 2225 1076 2310; x_wconf 88' lang='lat' dir='ltr'><strong>spondiacam</strong></span> <span class='ocrx_word' id='word_1_137' title='bbox 1099 2246 1283 2290; x_wconf 88' lang='lat' dir='ltr'><strong>mensuram</strong></span> <span class='ocrx_word' id='word_1_138' title='bbox 1305 2244 1346 2288; x_wconf 89' lang='lat' dir='ltr'><strong>ne</strong></span> 
     </span>
     <span class='ocr_line' id='line_1_18' title="bbox 202 2329 1346 2417; baseline -0.003 -19"><span class='ocrx_word' id='word_1_139' title='bbox 202 2333 259 2398; x_wconf 90' lang='lat' dir='ltr'><strong>ubi</strong></span> <span class='ocrx_word' id='word_1_140' title='bbox 290 2336 443 2417; x_wconf 88' lang='lat' dir='ltr'><strong>potuerat</strong></span> <span class='ocrx_word' id='word_1_141' title='bbox 474 2331 604 2417; x_wconf 89' lang='lat' dir='ltr'><strong>quidem</strong></span> <span class='ocrx_word' id='word_1_142' title='bbox 637 2335 735 2416; x_wconf 89' lang='lat' dir='ltr'><strong>poeta</strong></span> <span class='ocrx_word' id='word_1_143' title='bbox 767 2330 893 2416; x_wconf 83' lang='lat' dir='ltr'><strong>defugit</strong></span> <span class='ocrx_word' id='word_1_144' title='bbox 925 2332 958 2396; x_wconf 93' lang='lat' dir='ltr'><strong>in</strong></span> <span class='ocrx_word' id='word_1_145' title='bbox 993 2331 1160 2398; x_wconf 90' lang='lat' dir='ltr'><strong>octonario</strong></span> <span class='ocrx_word' id='word_1_146' title='bbox 1188 2331 1253 2396; x_wconf 88' lang='grc'><strong>838</strong></span> <span class='ocrx_word' id='word_1_147' title='bbox 1286 2329 1346 2394; x_wconf 87' lang='lat' dir='ltr'><strong>o&#39;tio</strong></span> 
     </span>
     <span class='ocr_line' id='line_1_19' title="bbox 202 2437 1346 2523; baseline -0.003 -17"><span class='ocrx_word' id='word_1_148' title='bbox 202 2440 277 2506; x_wconf 79' lang='lat' dir='ltr'><strong>deire</strong></span> <span class='ocrx_word' id='word_1_149' title='bbox 307 2460 361 2504; x_wconf 87' lang='lat' dir='ltr'><strong>me.</strong></span> <span class='ocrx_word' id='word_1_150' title='bbox 407 2437 595 2522; x_wconf 88' lang='lat' dir='ltr'><strong>Numquam</strong></span> <span class='ocrx_word' id='word_1_151' title='bbox 625 2460 684 2523; x_wconf 90' lang='lat' dir='ltr'><strong>per</strong></span> <span class='ocrx_word' id='word_1_152' title='bbox 712 2437 871 2523; x_wconf 90' lang='lat' dir='ltr'><strong>reliquam</strong></span> <span class='ocrx_word' id='word_1_153' title='bbox 900 2437 1047 2504; x_wconf 85' lang='lat' dir='ltr'><strong>tabulam</strong></span> <span class='ocrx_word' id='word_1_154' title='bbox 1077 2438 1241 2523; x_wconf 88' lang='lat' dir='ltr'><strong>bisyllaba</strong></span> <span class='ocrx_word' id='word_1_155' title='bbox 1271 2441 1346 2502; x_wconf 92' lang='lat' dir='ltr'><strong>sunt</strong></span> 
     </span>
     <span class='ocr_line' id='line_1_20' title="bbox 200 2544 1345 2632; baseline -0.005 -18"><span class='ocrx_word' id='word_1_156' title='bbox 200 2549 379 2632; x_wconf 75' lang='lat' dir='ltr'><strong>posidium</strong></span> <span class='ocrx_word' id='word_1_157' title='bbox 403 2547 541 2630; x_wconf 73' lang='lat' dir='ltr'><strong>perodio</strong></span> <span class='ocrx_word' id='word_1_158' title='bbox 567 2545 681 2626; x_wconf 79' lang='lat' dir='ltr'><strong>filius</strong></span> <span class='ocrx_word' id='word_1_159' title='bbox 705 2545 834 2627; x_wconf 80' lang='lat' dir='ltr'><strong>filiam</strong></span> <span class='ocrx_word' id='word_1_160' title='bbox 857 2550 891 2611; x_wconf 88' lang='lat' dir='ltr'><strong>et</strong></span> <span class='ocrx_word' id='word_1_161' title='bbox 913 2546 1045 2610; x_wconf 91' lang='lat' dir='ltr'><strong>similia:</strong></span> <span class='ocrx_word' id='word_1_162' title='bbox 1082 2546 1117 2610; x_wconf 91' lang='lat' dir='ltr'><strong>in</strong></span> <span class='ocrx_word' id='word_1_163' title='bbox 1139 2544 1345 2630; x_wconf 82' lang='lat' dir='ltr'><strong>paucissimis</strong></span> 
     </span>
     <span class='ocr_line' id='line_1_21' title="bbox 203 2651 1346 2741; baseline -0.004 -21"><span class='ocrx_word' id='word_1_164' title='bbox 203 2653 417 2741; x_wconf 82' lang='lat' dir='ltr'><strong>anapaesticis</strong></span> <span class='ocrx_word' id='word_1_165' title='bbox 450 2655 534 2718; x_wconf 88' lang='lat'>1116</span> <span class='ocrx_word' id='word_1_166' title='bbox 549 2674 618 2740; x_wconf 89' lang='lat' dir='ltr'><strong>sqq.</strong></span> <span class='ocrx_word' id='word_1_167' title='bbox 647 2651 853 2718; x_wconf 88' lang='lat' dir='ltr'><strong>cumulantur</strong></span> <span class='ocrx_word' id='word_1_168' title='bbox 883 2653 1022 2717; x_wconf 79' lang='lat' dir='ltr'><strong>omnium</strong></span> <span class='ocrx_word' id='word_1_169' title='bbox 1045 2653 1171 2737; x_wconf 62' lang='lat' dir='ltr'><strong>paudite</strong></span> <span class='ocrx_word' id='word_1_170' title='bbox 1194 2653 1346 2736; x_wconf 69' lang='lat' dir='ltr'><strong>goudium</strong></span> 
     </span>
     <span class='ocr_line' id='line_1_22' title="bbox 199 2754 1346 2846; baseline -0.004 -19"><span class='ocrx_word' id='word_1_171' title='bbox 199 2761 326 2845; x_wconf 74' lang='lat' dir='ltr'><strong>paudite</strong></span> <span class='ocrx_word' id='word_1_172' title='bbox 354 2759 525 2846; x_wconf 88' lang='lat' dir='ltr'><strong>synizesim</strong></span> <span class='ocrx_word' id='word_1_173' title='bbox 552 2781 651 2843; x_wconf 84' lang='lat' dir='ltr'><strong>passa</strong></span> <span class='ocrx_word' id='word_1_174' title='bbox 678 2754 756 2842; x_wconf 91' lang='lat' dir='ltr'><strong>(nisi</strong></span> <span class='ocrx_word' id='word_1_175' title='bbox 786 2758 914 2844; x_wconf 90' lang='lat' dir='ltr'><strong>quidem</strong></span> <span class='ocrx_word' id='word_1_176' title='bbox 939 2759 1065 2842; x_wconf 77' lang='lat' dir='ltr'><strong>paudiis</strong></span> <span class='ocrx_word' id='word_1_177' title='bbox 1088 2781 1158 2824; x_wconf 89' lang='lat' dir='ltr'><strong>esse</strong></span> <span class='ocrx_word' id='word_1_178' title='bbox 1182 2758 1346 2842; x_wconf 88' lang='lat' dir='ltr'><strong>dactylum</strong></span> 
     </span>
     <span class='ocr_line' id='line_1_23' title="bbox 202 2863 1345 2952; baseline -0.003 -20"><span class='ocrx_word' id='word_1_179' title='bbox 202 2867 424 2932; x_wconf 88' lang='lat' dir='ltr'><strong>Lindemanno</strong></span> <span class='ocrx_word' id='word_1_180' title='bbox 449 2863 584 2952; x_wconf 85' lang='lat' dir='ltr'><strong>credes),</strong></span> <span class='ocrx_word' id='word_1_181' title='bbox 607 2864 724 2951; x_wconf 90' lang='lat' dir='ltr'><strong>quibus</strong></span> <span class='ocrx_word' id='word_1_182' title='bbox 744 2885 782 2928; x_wconf 83' lang='lat' dir='ltr'><strong>ex</strong></span> <span class='ocrx_word' id='word_1_183' title='bbox 801 2865 967 2929; x_wconf 87' lang='lat' dir='ltr'><strong>octonario</strong></span> <span class='ocrx_word' id='word_1_184' title='bbox 988 2864 1051 2929; x_wconf 83' lang='lat'><strong>839</strong></span> <span class='ocrx_word' id='word_1_185' title='bbox 1072 2863 1152 2929; x_wconf 88' lang='lat' dir='ltr'><strong>adde</strong></span> <span class='ocrx_word' id='word_1_186' title='bbox 1170 2865 1245 2946; x_wconf 76' lang='lat' dir='ltr'><strong>filio.</strong></span> <span class='ocrx_word' id='word_1_187' title='bbox 1275 2864 1345 2928; x_wconf 84' lang='lat' dir='ltr'><strong>Fal·</strong></span> 
     </span>
     <span class='ocr_line' id='line_1_24' title="bbox 203 2971 901 3060; baseline -0.007 -20"><span class='ocrx_word' id='word_1_188' title='bbox 203 2998 273 3040; x_wconf 91' lang='lat' dir='ltr'><strong>sum</strong></span> <span class='ocrx_word' id='word_1_189' title='bbox 297 2974 398 3060; x_wconf 89' lang='lat' dir='ltr'><strong>igitur</strong></span> <span class='ocrx_word' id='word_1_190' title='bbox 421 2971 507 3058; x_wconf 89' lang='lat' dir='ltr'><strong>quod</strong></span> <span class='ocrx_word' id='word_1_191' title='bbox 531 2971 726 3058; x_wconf 83' lang='lat' dir='ltr'><strong>vulgabatur</strong></span> <span class='ocrx_word' id='word_1_192' title='bbox 748 2993 778 3037; x_wconf 92' lang='lat' dir='ltr'><strong>v.</strong></span> <span class='ocrx_word' id='word_1_193' title='bbox 803 2971 901 3036; x_wconf 86' lang='lat'>1156:</span> 
     </span>
    </p>
   </div>
   <div class='ocr_carea' id='block_1_4' title="bbox 291 3118 1345 3305">
    <p class='ocr_par' dir='ltr' id='par_1_4' title="bbox 291 3118 1345 3305">
     <span class='ocr_line' id='line_1_25' title="bbox 291 3118 1345 3215; baseline -0.003 -18"><span class='ocrx_word' id='word_1_194' title='bbox 291 3131 414 3198; x_wconf 81' lang='lat' dir='ltr'><strong>Filiam</strong></span> <span class='ocrx_word' id='word_1_195' title='bbox 444 3118 548 3197; x_wconf 76' lang='lat' dir='ltr'><strong>miam</strong></span> <span class='ocrx_word' id='word_1_196' title='bbox 583 3131 645 3196; x_wconf 91' lang='lat' dir='ltr'><strong>tibi</strong></span> <span class='ocrx_word' id='word_1_197' title='bbox 677 3131 908 3215; x_wconf 74' lang='lat' dir='ltr'><strong>desponsatam</strong></span> <span class='ocrx_word' id='word_1_198' title='bbox 942 3153 1011 3196; x_wconf 88' lang='lat' dir='ltr'><strong>esse</strong></span> <span class='ocrx_word' id='word_1_199' title='bbox 1045 3131 1150 3198; x_wconf 87' lang='lat' dir='ltr'><strong>aridio.</strong></span> <span class='ocrx_word' id='word_1_200' title='bbox 1203 3130 1276 3196; x_wconf 91' lang='lat' dir='ltr'><strong>Nisi</strong></span> <span class='ocrx_word' id='word_1_201' title='bbox 1308 3133 1345 3194; x_wconf 82' lang='lat' dir='ltr'><strong>tri</strong></span> 
     </span>
     <span class='ocr_line' id='line_1_26' title="bbox 1055 3261 1155 3305; baseline -0.02 -1"><span class='ocrx_word' id='word_1_202' title='bbox 1055 3261 1155 3305; x_wconf 85' lang='lat' dir='ltr'><strong>naurs.</strong></span> 
     </span>
    </p>
   </div>
   <div class='ocr_carea' id='block_1_5' title="bbox 201 3381 1346 4320">
    <p class='ocr_par' dir='ltr' id='par_1_5' title="bbox 201 3381 1346 4320">
     <span class='ocr_line' id='line_1_27' title="bbox 203 3381 1346 3466; baseline -0.001 -19"><span class='ocrx_word' id='word_1_203' title='bbox 203 3381 392 3448; x_wconf 80' lang='lat' dir='ltr'><strong>Certissima</strong></span> <span class='ocrx_word' id='word_1_204' title='bbox 413 3382 494 3447; x_wconf 89' lang='lat' dir='ltr'><strong>haec</strong></span> <span class='ocrx_word' id='word_1_205' title='bbox 517 3382 582 3446; x_wconf 85' lang='lat' dir='ltr'><strong>lex:</strong></span> <span class='ocrx_word' id='word_1_206' title='bbox 605 3403 702 3465; x_wconf 89' lang='lat' dir='ltr'><strong>quam</strong></span> <span class='ocrx_word' id='word_1_207' title='bbox 727 3403 799 3446; x_wconf 88' lang='lat' dir='ltr'><strong>cum</strong></span> <span class='ocrx_word' id='word_1_208' title='bbox 823 3382 967 3466; x_wconf 87' lang='lat' dir='ltr'><strong>reliquae</strong></span> <span class='ocrx_word' id='word_1_209' title='bbox 983 3381 1115 3446; x_wconf 87' lang='lat' dir='ltr'><strong>fabulae</strong></span> <span class='ocrx_word' id='word_1_210' title='bbox 1134 3381 1346 3464; x_wconf 88' lang='lat' dir='ltr'><strong>comprobant</strong></span> 
     </span>
     <span class='ocr_line' id='line_1_28' title="bbox 203 3487 1344 3573; baseline -0.002 -19"><span class='ocrx_word' id='word_1_211' title='bbox 203 3493 273 3554; x_wconf 89' lang='lat' dir='ltr'><strong>tum</strong></span> <span class='ocrx_word' id='word_1_212' title='bbox 298 3487 482 3573; x_wconf 87' lang='lat' dir='ltr'><strong>Bacchides,</strong></span> <span class='ocrx_word' id='word_1_213' title='bbox 505 3489 595 3554; x_wconf 86' lang='lat' dir='ltr'><strong>cuius</strong></span> <span class='ocrx_word' id='word_1_214' title='bbox 618 3489 697 3554; x_wconf 89' lang='lat' dir='ltr'><strong>item</strong></span> <span class='ocrx_word' id='word_1_215' title='bbox 721 3489 791 3554; x_wconf 87' lang='lat' dir='ltr'><strong>sola</strong></span> <span class='ocrx_word' id='word_1_216' title='bbox 814 3487 1021 3572; x_wconf 88' lang='lat' dir='ltr'><strong>anapaestioa</strong></span> <span class='ocrx_word' id='word_1_217' title='bbox 1039 3488 1278 3554; x_wconf 89' lang='lat' dir='ltr'><strong>multitudinem</strong></span> <span class='ocrx_word' id='word_1_218' title='bbox 1297 3487 1344 3552; x_wconf 94' lang='lat' dir='ltr'><strong>bi·</strong></span> 
     </span>
     <span class='ocr_line' id='line_1_29' title="bbox 203 3594 1344 3679; baseline 0.001 -21"><span class='ocrx_word' id='word_1_219' title='bbox 203 3595 406 3679; x_wconf 84' lang='lat' dir='ltr'><strong>syllabarum</strong></span> <span class='ocrx_word' id='word_1_220' title='bbox 430 3594 608 3660; x_wconf 87' lang='lat' dir='ltr'><strong>formarum</strong></span> <span class='ocrx_word' id='word_1_221' title='bbox 630 3594 801 3677; x_wconf 88' lang='lat' dir='ltr'><strong>praebent:</strong></span> <span class='ocrx_word' id='word_1_222' title='bbox 824 3595 890 3676; x_wconf 77' lang='lat' dir='ltr'><strong>filio</strong></span> <span class='ocrx_word' id='word_1_223' title='bbox 911 3595 994 3676; x_wconf 73' lang='lat' dir='ltr'><strong>lilios</strong></span> <span class='ocrx_word' id='word_1_224' title='bbox 1014 3595 1117 3677; x_wconf 77' lang='lat' dir='ltr'><strong>filium</strong></span> <span class='ocrx_word' id='word_1_225' title='bbox 1138 3594 1204 3678; x_wconf 68' lang='lat' dir='ltr'><strong>tilio</strong></span> <span class='ocrx_word' id='word_1_226' title='bbox 1226 3595 1287 3676; x_wconf 76' lang='lat' dir='ltr'><strong>filii</strong></span> <span class='ocrx_word' id='word_1_227' title='bbox 1308 3595 1344 3676; x_wconf 78' lang='lat' dir='ltr'><strong>fi·</strong></span> 
     </span>
     <span class='ocr_line' id='line_1_30' title="bbox 203 3699 1344 3767; baseline -0.001 0"><span class='ocrx_word' id='word_1_228' title='bbox 203 3703 255 3767; x_wconf 83' lang='lat' dir='ltr'><strong>liis</strong></span> <span class='ocrx_word' id='word_1_229' title='bbox 278 3724 307 3765; x_wconf 91' lang='lat' dir='ltr'><strong>v.</strong></span> <span class='ocrx_word' id='word_1_230' title='bbox 334 3699 427 3765; x_wconf 84' lang='lat'>1125.</span> <span class='ocrx_word' id='word_1_231' title='bbox 454 3699 547 3767; x_wconf 84' lang='lat'>1129.</span> <span class='ocrx_word' id='word_1_232' title='bbox 573 3700 666 3764; x_wconf 87' lang='lat'>1136.</span> <span class='ocrx_word' id='word_1_233' title='bbox 693 3699 786 3765; x_wconf 88' lang='grc'><strong>1159.</strong></span> <span class='ocrx_word' id='word_1_234' title='bbox 814 3699 906 3764; x_wconf 86' lang='grc'><strong>1165.</strong></span> <span class='ocrx_word' id='word_1_235' title='bbox 932 3700 1016 3764; x_wconf 82' lang='grc'><strong>1167</strong></span> <span class='ocrx_word' id='word_1_236' title='bbox 1042 3700 1089 3765; x_wconf 89' lang='lat' dir='ltr'><strong>cd.</strong></span> <span class='ocrx_word' id='word_1_237' title='bbox 1112 3699 1224 3766; x_wconf 89' lang='lat' dir='ltr'><strong>Herm.</strong></span> <span class='ocrx_word' id='word_1_238' title='bbox 1268 3699 1344 3766; x_wconf 86' lang='lat' dir='ltr'><strong>Vsi-</strong></span> 
     </span>
     <span class='ocr_line' id='line_1_31' title="bbox 201 3807 1344 3891; baseline 0 -18"><span class='ocrx_word' id='word_1_239' title='bbox 201 3807 359 3873; x_wconf 88' lang='lat' dir='ltr'><strong>tatiorum</strong></span> <span class='ocrx_word' id='word_1_240' title='bbox 388 3809 495 3872; x_wconf 89' lang='lat' dir='ltr'><strong>autem</strong></span> <span class='ocrx_word' id='word_1_241' title='bbox 524 3811 701 3889; x_wconf 88' lang='lat' dir='ltr'><strong>metrorum</strong></span> <span class='ocrx_word' id='word_1_242' title='bbox 728 3809 856 3871; x_wconf 91' lang='lat' dir='ltr'><strong>tantam</strong></span> <span class='ocrx_word' id='word_1_243' title='bbox 884 3810 1040 3891; x_wconf 86' lang='lat' dir='ltr'><strong>quantam</strong></span> <span class='ocrx_word' id='word_1_244' title='bbox 1064 3807 1202 3873; x_wconf 85' lang='lat' dir='ltr'><strong>diximus</strong></span> <span class='ocrx_word' id='word_1_245' title='bbox 1227 3809 1344 3874; x_wconf 89' lang='lat' dir='ltr'><strong>severi-</strong></span> 
     </span>
     <span class='ocr_line' id='line_1_32' title="bbox 202 3913 1344 4000; baseline -0.002 -20"><span class='ocrx_word' id='word_1_246' title='bbox 202 3918 304 3981; x_wconf 87' lang='lat' dir='ltr'><strong>tatem</strong></span> <span class='ocrx_word' id='word_1_247' title='bbox 333 3934 403 3979; x_wconf 88' lang='lat' dir='ltr'><strong>esse</strong></span> <span class='ocrx_word' id='word_1_248' title='bbox 430 3913 548 3978; x_wconf 89' lang='lat' dir='ltr'><strong>mirum</strong></span> <span class='ocrx_word' id='word_1_249' title='bbox 572 3917 684 3978; x_wconf 86' lang='lat' dir='ltr'><strong>estne</strong></span> <span class='ocrx_word' id='word_1_250' title='bbox 708 3935 764 3979; x_wconf 90' lang='lat' dir='ltr'><strong>eos</strong></span> <span class='ocrx_word' id='word_1_251' title='bbox 788 3913 915 3998; x_wconf 89' lang='lat' dir='ltr'><strong>quidem</strong></span> <span class='ocrx_word' id='word_1_252' title='bbox 940 3915 1018 3979; x_wconf 90' lang='lat' dir='ltr'><strong>satis</strong></span> <span class='ocrx_word' id='word_1_253' title='bbox 1041 3915 1257 4000; x_wconf 86' lang='lat' dir='ltr'><strong>perspexisse,</strong></span> <span class='ocrx_word' id='word_1_254' title='bbox 1289 3916 1344 3998; x_wconf 90' lang='lat' dir='ltr'><strong>qui</strong></span> 
     </span>
     <span class='ocr_line' id='line_1_33' title="bbox 203 4019 1346 4107; baseline 0.001 -20"><span class='ocrx_word' id='word_1_255' title='bbox 203 4025 295 4087; x_wconf 90' lang='lat' dir='ltr'><strong>tanto</strong></span> <span class='ocrx_word' id='word_1_256' title='bbox 322 4019 565 4086; x_wconf 87' lang='lat' dir='ltr'><strong>demonstrandi</strong></span> <span class='ocrx_word' id='word_1_257' title='bbox 592 4024 751 4105; x_wconf 89' lang='lat' dir='ltr'><strong>apparatu</strong></span> <span class='ocrx_word' id='word_1_258' title='bbox 779 4020 829 4085; x_wconf 89' lang='lat' dir='ltr'><strong>nsi</strong></span> <span class='ocrx_word' id='word_1_259' title='bbox 852 4023 929 4086; x_wconf 89' lang='lat' dir='ltr'><strong>sunt</strong></span> <span class='ocrx_word' id='word_1_260' title='bbox 951 4043 1015 4107; x_wconf 90' lang='lat' dir='ltr'><strong>quo</strong></span> <span class='ocrx_word' id='word_1_261' title='bbox 1035 4023 1136 4104; x_wconf 75' lang='lat' dir='ltr'><strong>pratis</strong></span> <span class='ocrx_word' id='word_1_262' title='bbox 1158 4025 1191 4087; x_wconf 89' lang='lat' dir='ltr'><strong>et</strong></span> <span class='ocrx_word' id='word_1_263' title='bbox 1213 4022 1346 4104; x_wconf 64' lang='lat' dir='ltr'><strong>inproba</strong></span> 
     </span>
     <span class='ocr_line' id='line_1_34' title="bbox 202 4126 1344 4207; baseline -0.001 -14"><span class='ocrx_word' id='word_1_264' title='bbox 202 4128 325 4207; x_wconf 76' lang='lat' dir='ltr'><strong>formas</strong></span> <span class='ocrx_word' id='word_1_265' title='bbox 358 4149 378 4190; x_wconf 89' lang='lat' dir='ltr'><strong>a</strong></span> <span class='ocrx_word' id='word_1_266' title='bbox 407 4127 523 4191; x_wconf 86' lang='lat' dir='ltr'><strong>Plauto</strong></span> <span class='ocrx_word' id='word_1_267' title='bbox 557 4126 778 4191; x_wconf 89' lang='lat' dir='ltr'><strong>abiudicarcnt</strong></span> <span class='ocrx_word' id='word_1_268' title='bbox 808 4127 996 4193; x_wconf 87' lang='lat' dir='ltr'><strong>rectissime.</strong></span> <span class='ocrx_word' id='word_1_269' title='bbox 1038 4127 1100 4203; x_wconf 81' lang='lat' dir='ltr'><strong>Qui</strong></span> <span class='ocrx_word' id='word_1_270' title='bbox 1132 4127 1160 4191; x_wconf 91' lang='lat' dir='ltr'><strong>si</strong></span> <span class='ocrx_word' id='word_1_271' title='bbox 1191 4149 1233 4191; x_wconf 87' lang='lat' dir='ltr'><strong>ne</strong></span> <span class='ocrx_word' id='word_1_272' title='bbox 1265 4127 1344 4192; x_wconf 89' lang='lat' dir='ltr'><strong>haec</strong></span> 
     </span>
     <span class='ocr_line' id='line_1_35' title="bbox 203 4231 1343 4320; baseline 0 -22"><span class='ocrx_word' id='word_1_273' title='bbox 203 4234 341 4320; x_wconf 90' lang='lat' dir='ltr'><strong>quidem·</strong></span> <span class='ocrx_word' id='word_1_274' title='bbox 364 4231 508 4316; x_wconf 87' lang='lat' dir='ltr'><strong>admisit,</strong></span> <span class='ocrx_word' id='word_1_275' title='bbox 539 4231 573 4296; x_wconf 92' lang='lat' dir='ltr'><strong>in</strong></span> <span class='ocrx_word' id='word_1_276' title='bbox 605 4232 721 4315; x_wconf 88' lang='lat' dir='ltr'><strong>quibus</strong></span> <span class='ocrx_word' id='word_1_277' title='bbox 752 4233 930 4299; x_wconf 86' lang='lat' dir='ltr'><strong>contractio</strong></span> <span class='ocrx_word' id='word_1_278' title='bbox 961 4233 1123 4298; x_wconf 90' lang='lat' dir='ltr'><strong>constanti</strong></span> <span class='ocrx_word' id='word_1_279' title='bbox 1153 4233 1343 4317; x_wconf 85' lang='lat' dir='ltr'><strong>posterioris</strong></span> 
     </span>
    </p>
   </div>
   <div class='ocr_carea' id='block_1_6' title="bbox 292 4423 1209 4588">
    <p class='ocr_par' dir='ltr' id='par_1_6' title="bbox 292 4423 1209 4588">
     <span class='ocr_line' id='line_1_36' title="bbox 309 4423 988 4497; baseline 0.001 -17"><span class='ocrx_word' id='word_1_280' title='bbox 309 4425 334 4494; x_wconf 69' lang='lat'><strong>*1</strong></span> <span class='ocrx_word' id='word_1_281' title='bbox 354 4425 408 4496; x_wconf 79' lang='lat' dir='ltr'><strong>[Oi.</strong></span> <span class='ocrx_word' id='word_1_282' title='bbox 428 4426 521 4482; x_wconf 83' lang='lat' dir='ltr'><strong>annot</strong></span> <span class='ocrx_word' id='word_1_283' title='bbox 541 4423 578 4481; x_wconf 86' lang='lat' dir='ltr'><strong>ad</strong></span> <span class='ocrx_word' id='word_1_284' title='bbox 595 4423 670 4480; x_wconf 86' lang='lat' dir='ltr'><strong>hunc</strong></span> <span class='ocrx_word' id='word_1_285' title='bbox 687 4440 798 4480; x_wconf 87' lang='lat' dir='ltr'><strong>versum</strong></span> <span class='ocrx_word' id='word_1_286' title='bbox 816 4424 846 4480; x_wconf 89' lang='lat' dir='ltr'><strong>in</strong></span> <span class='ocrx_word' id='word_1_287' title='bbox 864 4425 907 4480; x_wconf 87' lang='lat' dir='ltr'><strong>ed.</strong></span> <span class='ocrx_word' id='word_1_288' title='bbox 927 4425 988 4497; x_wconf 81' lang='lat' dir='ltr'><strong>alt]</strong></span> 
     </span>
     <span class='ocr_line' id='line_1_37' title="bbox 292 4513 1209 4588; baseline 0.004 -20"><span class='ocrx_word' id='word_1_289' title='bbox 292 4515 333 4586; x_wconf 71' lang='lat' dir='ltr'><strong>”y</strong></span> <span class='ocrx_word' id='word_1_290' title='bbox 354 4513 407 4588; x_wconf 81' lang='lat' dir='ltr'><strong>[cf.</strong></span> <span class='ocrx_word' id='word_1_291' title='bbox 428 4531 512 4586; x_wconf 86' lang='lat' dir='ltr'><strong>supra</strong></span> <span class='ocrx_word' id='word_1_292' title='bbox 530 4533 557 4586; x_wconf 90' lang='lat' dir='ltr'><strong>p.</strong></span> <span class='ocrx_word' id='word_1_293' title='bbox 577 4521 629 4571; x_wconf 78' lang='lat'><strong>333</strong></span> <span class='ocrx_word' id='word_1_294' title='bbox 648 4515 678 4570; x_wconf 85' lang='lat' dir='ltr'><strong>et</strong></span> <span class='ocrx_word' id='word_1_295' title='bbox 697 4514 797 4584; x_wconf 84' lang='lat' dir='ltr'><strong>Opncc.</strong></span> <span class='ocrx_word' id='word_1_296' title='bbox 817 4515 887 4586; x_wconf 88' lang='lat' dir='ltr'><strong>phil.</strong></span> <span class='ocrx_word' id='word_1_297' title='bbox 905 4515 931 4570; x_wconf 92' lang='lat' dir='ltr'><strong>Il</strong></span> <span class='ocrx_word' id='word_1_298' title='bbox 950 4533 976 4586; x_wconf 94' lang='lat' dir='ltr'><strong>p.</strong></span> <span class='ocrx_word' id='word_1_299' title='bbox 996 4519 1048 4572; x_wconf 78' lang='lat' dir='ltr'><strong>iac</strong></span> <span class='ocrx_word' id='word_1_300' title='bbox 1058 4533 1117 4585; x_wconf 91' lang='lat' dir='ltr'><strong>sqq.</strong></span> <span class='ocrx_word' id='word_1_301' title='bbox 1137 4515 1209 4586; x_wconf 68' lang='grc'><strong>605]</strong></span> 
     </span>
    </p>
   </div>
   <div class='ocr_carea' id='block_1_7' title="bbox 0 0 1670 5074">
    <p class='ocr_par' dir='ltr' id='par_1_7' title="bbox 0 0 1670 5074">
     <span class='ocr_line' id='line_1_38' title="bbox 0 0 1670 5074; baseline 0 0"><span class='ocrx_word' id='word_1_302' title='bbox 0 0 1670 5074; x_wconf 95' lang='lat' dir='ltr'><strong> </strong></span> 
     </span>
    </p>
   </div>
  </div>
 </body>
</html>
