3332 5074
312 373 378 440 450
600 391 862 444 eaonnconurs
885 395 932 442 ur
957 395 1167 445 narronrsvs

403 537 473 614 Quo
498 541 604 604 educti
628 540 683 624 qui
706 545 848 605 aetatem
870 540 995 623 eberdot
1017 543 1105 606 caste
1128 563 1230 606 suam.

204 693 297 734 0011v
312 678 434 744 Verum
458 680 624 748 fatendum
649 689 700 748 est
723 685 769 748 ita
793 687 998 768 comparatos
1021 706 1086 747 non
1110 704 1189 766 esse,
1214 683 1270 767 qui
1294 687 1383 748 certa
1405 704 1457 748 ex·

312 789 419 873 empla
441 791 633 876 praebeant,
657 813 767 856 versus
790 813 856 856 non
880 790 1027 856 codicum
1050 795 1177 855 tautum
1201 789 1264 853 fide
1288 789 1457 856 Plautino-

311 917 394 977 rum‚
427 896 484 960 sed
517 897 724 980 antiquorum
758 899 951 963 auctoritate
984 897 1270 982 grammaticorum
1301 898 1456 963 firmatos.

310 1001 491 1067 Illiusmodi
516 1005 641 1088 aliquot
664 1003 828 1089 Parergon
854 1026 884 1088 p.
908 1005 951 1068 22
975 1004 1156 1087 composui:
1194 1025 1233 1068 ex
1255 1003 1317 1068 hoc
1340 1025 1456 1089 genere

310 1109 374 1172 tria
388 1107 544 1174 Varronis
569 1110 607 1174 de
631 1112 651 1178 l.
674 1112 729 1176 lat.
753 1111 942 1176 testimonia
965 1110 1113 1175 attulisse
1133 1112 1213 1176 satis
1237 1111 1342 1175 habeo
1367 1110 1454 1193 eVl,

311 1215 362 1278 89.
386 1213 459 1300 Vll,
480 1218 521 1282 78
546 1223 579 1283 et
601 1217 641 1302 X,
661 1219 703 1283 70
727 1217 829 1303 (Trin.
853 1218 948 1302 886):

399 1357 465 1423 Vbi
487 1359 630 1444 primum
654 1383 807 1428 aecensus
831 1361 985 1426 eldmdrcit
1007 1361 1184 1426 meridiem.

398 1463 550 1531 Hectdris
573 1471 687 1532 natum
710 1468 751 1532 de'
768 1469 860 1532 muro*
881 1469 1038 1532 iactarier.

398 1570 599 1638 Odnoubium
630 1575 674 1638 sit
702 1574 808 1638 ndctis
839 1575 1028 1660 priusquam
1059 1575 1099 1640 ad
1124 1576 1315 1659 pdstrermim
1343 1579 1454 1660 perne-

1163 1706 1258 1748 neris.

309 1821 395 1888 Nam
427 1825 530 1889 altero
561 1847 656 1890 versu
685 1827 721 1889 de
743 1847 831 1890 maro
860 1848 993 1910 prorsus
1023 1830 1165 1910 aequant
1193 1827 1383 1892 molossum:
1419 1826 1453 1890 in

309 1931 459 2016 qualibus
480 1933 506 1996 ri
527 1933 581 2017 qui
602 1932 640 1996 de
660 1934 833 2017 spondeo
852 1934 961 2017 potius
981 1932 1149 1998 dicendum
1169 1955 1239 1998 esse
1258 1933 1454 2000 contendant

309 2042 460 2122 quartum
489 2039 569 2123 pede
596 2044 789 2124 occupante,
821 2063 872 2104 res
896 2041 1008 2106 codem
1032 2041 1116 2106 radit
1138 2041 1287 2125 idemque
1310 2041 1344 2104 in
1367 2039 1453 2104 hunc

309 2146 486 2228 spondeum
510 2142 620 2232 (quem
644 2168 710 2211 non
733 2150 844 2231 potest
866 2170 931 2212 non
950 2147 1176 2231 monosyllaba
1193 2151 1269 2230 post
1287 2167 1452 2212 caesuram

309 2252 421 2316 vocula
444 2250 648 2339 praecedere)
676 2254 762 2337 quod
786 2254 821 2318 in
845 2256 1023 2319 molossum
1047 2253 1142 2318 eadit.
1188 2252 1319 2318 Tertius
1342 2255 1452 2317 autem

308 2379 418 2423 versus
443 2359 506 2422 etsi
531 2380 594 2424 non
619 2364 669 2424 est
688 2361 843 2444 senarius,
866 2364 975 2425 tamen
995 2383 1068 2425 cum
1088 2361 1223 2424 senariis
1243 2382 1314 2424 eam
1334 2360 1372 2424 de
1391 2379 1455 2442 qua

308 2466 436 2548 agimus
459 2466 622 2530 rationem
645 2467 800 2532 trochaici
825 2467 998 2552 septenarii
1022 2489 1156 2552 prorsus
1175 2487 1380 2532 communem
1398 2464 1454 2528 ha·

308 2571 398 2636 beat:
431 2572 515 2656 quod
547 2572 676 2656 quidem
708 2596 746 2638 eo
776 2574 886 2639 minus
916 2574 1102 2640 mirandum
1131 2579 1194 2658 est,
1228 2596 1293 2658 quo
1324 2572 1453 2656 saepius

308 2699 381 2743 cum
405 2678 526 2743 eisdem
551 2680 687 2744 senariis
711 2680 811 2744 ctiam
835 2680 1089 2745 choriambicum
1112 2681 1146 2744 in
1170 2681 1280 2745 eodem
1301 2680 1372 2745 loco
1395 2701 1453 2741 nu-

308 2807 431 2851 merum
456 2787 662 2871 participant,
685 2785 917 2852 011110320.
940 2787 1013 2852 334.
1038 2787 1111 2852 ill.
1135 2787 1210 2853 951.
1231 2787 1325 2851 1022.
1352 2785 1451 2851 1128:

396 2947 574 3014 Bdnefecta
596 2949 777 3014 benefactis
802 2949 876 3014 aliis
895 2948 1043 3030 ptrtepito
1066 2969 1106 3011 ne
1129 2948 1310 3033 perpluant,

308 3112 341 3171 81
363 3109 409 3173 sic
432 3109 466 3174 in
489 3109 622 3194 reliquis
646 3109 763 3172 delitiis
780 3109 969 3192 disperdidit,
992 3107 1140 3192 Lysiteles
1157 3128 1209 3189 eqo
1229 3108 1351 3185 truste,
1375 3127 1452 3170 rern-

307 3235 458 3280 000008
480 3215 639 3298 epistulas,
669 3215 808 3296 [8011811
828 3216 1004 3297 moctipioc,
1032 3213 1173 3278 consului
1194 3213 1340 3295 fideliter:
1373 3214 1452 3278 item

309 3319 423 3387 Bacch.
448 3324 489 3386 59
515 3321 596 3404 [90].
641 3323 757 3407 ltaque
781 3321 819 3386 de
844 3322 900 3387 illo
925 3341 1055 3406 genere,
1084 3321 1169 3404 quod
1192 3321 1377 3386 molossieis
1400 3342 1453 3384 vo-

308 3430 432 3493 cabulis
452 3430 743 3514 comprehenditur,
766 3429 812 3494 sic
831 3428 1039 3494 statuendum
1059 3431 1119 3512 est,
1141 3431 1178 3492 ut
1196 3448 1309 3510 reapse
1329 3426 1452 3511 aliquid

308 3536 510 3621 asperitatis,
533 3538 619 3622 quod
641 3560 708 3602 non
732 3537 894 3620 suaderet,
915 3535 972 3601 sed
995 3534 1198 3616 dissuaderet
1221 3535 1348 3598 aurium
1372 3531 1452 3596 iudi·

307 3643 392 3706 cium
415 3648 449 3708 et
472 3645 557 3709 ratio
580 3666 800 3728 numerorum,
823 3644 999 3728 patientius
1023 3663 1120 3726 quam
1145 3663 1205 3725 par
1227 3646 1299 3706 crat
1322 3640 1450 3705 eosdem

214 3777 292 3818 ccxv
308 3752 422 3832 poetas
445 3750 559 3814 tulisse
582 3749 824 3836 intellegamus,
851 3772 989 3834 quorum
1016 3750 1049 3813 in
1077 3749 1210 3834 reliquis
1232 3748 1381 3832 pertibus
1406 3767 1451 3810 se-

306 3856 473 3921 nariomm
502 3858 823 3942 septenariorumque
853 3856 1092 3922 condendorum
1119 3857 1298 3940 perfectam
1323 3855 1451 3940 elegan-

307 3965 387 4030 tiam
412 3963 616 4049 suspicimus.
661 3962 735 4028 Tali
759 3968 869 4029 tamen
893 3964 1101 4049 neglegentia
1125 3961 1214 4048 (nam
1237 3961 1382 4046 profecto
1406 3961 1451 4024 di-

307 4071 461 4157 ligentiae
483 4071 612 4136 laudem
631 4070 712 4136 illud
735 4093 801 4135 non
824 4069 938 4156 hahet)
961 4092 1024 4155 quo
1048 4069 1153 4154 magis
1178 4069 1281 4133 libera
1304 4089 1375 4132 8888
1398 4089 1451 4132 ars

307 4179 455 4243 universa
477 4179 609 4243 illorum
632 4181 803 4260 poctamm
826 4178 918 4262 solet,
941 4199 978 4242 co
1001 4199 1062 4242 nos
1081 4177 1120 4242 de
1143 4176 1282 4261 singulis
1301 4175 1452 4258 suspitio·

306 4286 408 4351 siores
431 4307 502 4351 8888
525 4287 616 4351 decet
639 4289 672 4351 81
695 4285 864 4370 aliquanto
887 4285 1012 4350 tardius
1036 4285 1075 4348 de
1096 4286 1268 4367 poetarum
1291 4305 1387 4368 quam
1411 4281 1450 4346 de

306 4392 515 4456 librariorum
539 4392 619 4458 vitio
643 4391 799 4476 cogitare:
823 4391 855 4455 id
880 4392 965 4476 quod
989 4396 1075 4456 recte
1099 4391 1164 4455 iam
1188 4388 1355 4453 Bentleiur
1380 4409 1451 4452 sen-

307 4498 352 4562 sit
382 4499 417 4561 in
450 4497 586 4582 Adelph.
613 4497 670 4581 IV,
699 4498 733 4580 2,
761 4498 813 4562 52.
862 4497 977 4583 ltaque
1009 4499 1108 4562 etiam
1140 4497 1196 4582 qui
1227 4496 1451 4560 taeterrimum
