3306 5070
258 375 322 438 712
483 389 712 438 aarmmsoua
736 377 957 456 suscitatus,
981 363 1176 457 annsssuu,

257 555 350 598 usum
374 534 495 599 saeculi
519 533 599 598 vitio
627 532 662 598 in
684 533 752 598 dies
775 532 1017 617 periclitantem
1038 531 1050 616 ΙΙ
1072 532 1258 598 salutariter
1281 556 1399 618 propa-

256 641 348 726 ganti
365 639 376 724 ΙΙ
394 645 462 706 tam
486 639 666 705 luculenter
690 642 888 705 sustentatos
911 639 1050 706 honores
1074 640 1368 725 quinquagenarios
1392 658 1401 709 l

255 747 362 814 Nonis
385 747 513 812 Martiis
537 763 847 814 aclolocccaxmu
864 746 876 831 l
894 769 932 812 ex
956 747 1065 818 animo
1088 746 1273 833 gratulatur
1290 746 1301 830 ΙΙ
1318 747 1396 812 mul·

257 857 427 937 torumque
455 874 613 917 annorum
641 852 779 917 salutem
803 853 1054 938 prosperitatem
1078 853 1329 936 duraturamque
1351 852 1397 917 hi·

257 960 420 1024 laritatem
438 957 449 1042 ΙΙ
466 957 662 1024 amicissime
677 963 810 1043 exoptat
825 960 836 1043 l
853 958 1035 1025 Friderieus
1049 959 1176 1024 Ritschl
1194 958 1205 1042 ΙΙ
1222 959 1300 1024 olim
1314 958 1396 1026 Bon·

256 1067 378 1150 nensis,
406 1087 490 1131 nunc
514 1087 597 1130 uuus
624 1087 641 1130 e
665 1063 890 1151 Lipsiensibus
918 1065 946 1130 si
973 1064 1023 1130 las
1051 1069 1102 1130 est
1129 1065 1233 1131 dicere
1256 1087 1397 1146 γραμμα-

256 1195 362 1240 τικοιε.

805 1422 854 1487 14.

258 1563 457 1648 Anschlag
480 1585 523 1627 zu
548 1562 612 1627 der
632 1561 741 1626 Feier
764 1584 837 1628 von
855 1562 1018 1628 Fichte’s
1041 1563 1399 1648 hundertjiihrigem

548 1669 784 1754 Geburtstag
809 1667 875 1756 (19.
898 1668 973 1735 Mai
1000 1670 1108 1755 1862).

345 1811 575 1880 Vniversitatie
590 1810 783 1877 Friderieiae
803 1809 996 1878 Guilelmiae
1015 1813 1190 1878 Rhenanae
1207 1813 1218 1896 ΙΙ
1235 1811 1353 1878 Rector
1367 1817 1400 1878 et

258 1918 395 1985 Senatus
413 1918 424 2002 ll
440 1917 684 1984 Professoribus
708 1917 906 1984 Ductoribus
930 1915 1063 1984 Civibus
1081 1919 1092 2002 ll
1111 1917 1141 1984 S.
1246 1975 1250 1984 ,

343 2025 439 2091 Diem
462 2026 584 2090 instare
606 2025 709 2090 nostis
734 2025 830 2110 longe
854 2025 1165 2111 auspicatissimum,
1193 2048 1256 2111 quo
1281 2026 1398 2092 abhinc

257 2137 386 2199 centum
405 2154 508 2199 annos
528 2153 626 2197 unum
646 2153 663 2197 e
682 2132 970 2215 praestantissimis
990 2137 1094 2198 mater
1107 2131 1280 2198 Germania
1298 2132 1400 2198 filium

256 2239 432 2326 progenuit
452 2237 463 2320 ΙΙ
485 2237 640 2306 Ioannem
665 2237 884 2323 Theophilum
907 2237 1021 2304 Fichte
1038 2238 1049 2321 ΙΙ
1067 2239 1170 2304 virum
1193 2239 1315 2304 bonum
1338 2241 1401 2304 for-

257 2353 324 2414 tem
348 2345 528 2430 sapientem
552 2345 723 2429 imprimis.
756 2343 855 2410 Cuius
879 2345 974 2409 simul
994 2349 1091 2430 atque
1108 2367 1228 2413 nomen
1247 2346 1287 2410 ad
1306 2368 1400 2412 aures

257 2452 418 2537 acciderit,
440 2473 507 2518 non
529 2451 760 2537 philosophum
783 2455 910 2516 tantum
933 2452 1115 2537 cogitamus
1138 2453 1173 2517 in
1195 2452 1307 2538 paucis
1327 2453 1400 2518 sub·

257 2559 348 2624 tilam
376 2563 472 2643 atque
501 2558 718 2643 ingeniosum,
749 2581 815 2625 non
843 2558 1033 2642 scriptorem
1061 2559 1193 2625 uberem
1216 2564 1251 2624 et
1272 2561 1401 2644 elegan-

256 2671 336 2750 tem,
363 2687 430 2731 uon
452 2670 615 2730 oratorem
638 2665 813 2731 facundum
838 2670 871 2731 et
893 2665 1105 2749 luculentum,
1127 2687 1193 2731 non
1215 2671 1401 2751 praecepto-

256 2795 325 2838 rem
348 2792 480 2846 suavem
499 2769 735 2855 valentemque,
758 2771 813 2835 sed
833 2771 919 2835 vitae
938 2775 1046 2855 partes
1066 2794 1178 2838 omnes
1197 2773 1400 2858 complexum

257 2878 452 2965 magistrum
479 2876 693 2944 humanitatis
722 2877 932 2961 suspicimus,
965 2879 1020 2943 sed
1049 2880 1199 2945 veritatis
1227 2879 1260 2944 iu
1285 2880 1400 2964 quovis

257 3005 375 3072 genere
399 2988 566 3049 strenuum
591 2987 875 3068 propugnatorem,
898 2984 954 3050 sed
972 2983 1117 3050 iustitiae
1136 2985 1296 3050 vindicem
1316 3007 1400 3052 acer·

257 3093 389 3174 u'mum,
421 3090 477 3156 sed
509 3090 581 3155 fidei
615 3090 823 3156 liberalitatis
856 3090 1074 3176 simplicitatis
1108 3091 1274 3158 custodem
1302 3095 1400 3177 atqua

256 3203 399 3264 tutorem
428 3197 688 3283 integerrimum,
717 3195 773 3262 sed
800 3220 927 3264 morum
950 3198 1191 3264 emendatorem
1215 3198 1310 3284 longe
1334 3199 1400 3264 effi-

256 3305 469 3371 cacissimum.
514 3303 595 3368 Tam
624 3307 734 3368 autem
757 3326 849 3368 rarae
873 3305 1002 3370 virtutis
1026 3305 1077 3370 vis
1100 3327 1172 3370 eum
1196 3304 1237 3370 ad
1259 3306 1400 3390 patriam

256 3411 485 3494 civitatemque
509 3409 692 3474 universam
716 3410 887 3494 pertineat,
910 3415 979 3476 tum
1004 3411 1150 3495 proximo
1175 3433 1247 3478 eam
1270 3410 1400 3476 vinculo

257 3539 331 3584 cum
350 3516 470 3583 nostris
489 3516 670 3581 rationibus
690 3516 851 3581 contineri
871 3517 1038 3599 sentimus,
1062 3517 1118 3601 qui
1136 3516 1256 3583 eisdem
1282 3518 1400 3603 quibus

256 3625 312 3689 ille
341 3625 538 3708 optimarum
566 3623 684 3687 artium
713 3622 827 3689 studiis
855 3623 957 3688 vitam
982 3624 1250 3690 consecravimus.
1295 3621 1400 3690 Nobis

258 3731 359 3817 igitur
388 3731 473 3815 quod
499 3734 630 3817 praeter
657 3733 781 3796 ceteros
804 3730 977 3816 proposuit
997 3730 1158 3795 humanae
1181 3731 1400 3816 praestantiae

258 3836 440 3921 exemplum
463 3859 596 3921 prorsus
620 3835 793 3922 singulare,
815 3837 901 3902 idem
924 3838 966 3904 ab
990 3836 1110 3902 eisdem
1128 3841 1258 3920 praeter
1276 3839 1399 3902 ceteros

257 3944 321 4009 coli
345 3941 575 4026 observarique
597 3964 658 4027 par
681 3945 741 4008 est.
773 3941 930 4019 Quocirca
952 3941 1050 4007 huius
1072 3941 1294 4008 universitatis
1316 3943 1400 4008 Rhe-

258 4071 360 4114 nanae
385 4052 418 4113 et
440 4047 548 4114 officio
572 4052 606 4112 et
629 4047 781 4133 dignitati
804 4047 1025 4132 defuissemus,
1047 4049 1111 4114 nisi
1130 4051 1262 4115 sanetae
1281 4071 1400 4114 memo-

257 4157 324 4222 riae
352 4155 542 4222 Fichtianue
570 4153 786 4220 communiter
813 4153 1085 4220 concelebrandae
1112 4155 1401 4240 prospexissemus.

257 4261 347 4348 Ergo
371 4261 411 4326 ad
435 4259 625 4327 audiendam
649 4259 830 4325 orationem
848 4260 1013 4344 publicam
1032 4282 1091 4327 vos
1109 4261 1295 4344 invitamus,
1318 4261 1401 4346 qual,

257 4368 309 4432 die
346 4367 423 4432 XIX
451 4366 548 4432 huius
576 4365 697 4431 mensis
725 4365 807 4430 hora
834 4364 880 4430 XI
916 4365 950 4430 in
978 4365 1055 4432 aula
1082 4387 1202 4452 magna
1227 4367 1239 4451 ss
1265 4368 1401 4453 conlega

257 4476 368 4538 noster
396 4473 607 4559 gravissimus
636 4469 842 4538 Christianus
869 4471 1040 4561 Augustus
1071 4471 1223 4557 Brendis,
1255 4473 1400 4560 philoso-
