3332 5074
320 377 386 442 466
609 391 870 442 rnoussonaus
893 393 941 442 ns
964 393 1176 442 simoninus

320 521 438 604 cretico
462 537 617 604 dicerent:

530 646 1065 713 4υ-ΙΙυ.ὐ.υ14υ-υιυ-ε

321 774 403 837 quae
431 752 598 836 discriptio
627 775 708 838 quos
737 757 886 818 auctores
915 754 1036 819 habeat
1063 754 1189 819 ostendi
1221 753 1326 817 Musei
1353 750 1466 838 philol.

319 858 381 924 t.I
409 883 439 944 p.
463 861 528 924 285
547 883 595 944 sq.
620 863 676 940 [=
698 859 814 944 Opusc.
843 859 960 945 phil.I
988 885 1019 945 p.
1043 861 1108 925 280
1124 863 1194 944 sq.].
1240 858 1363 936 Quodsi
1394 880 1465 922 eam

318 969 444 1050 partem
472 967 669 1051 tetrametri‚
701 990 783 1052 quae
812 972 862 1032 est
889 970 965 1051 post
988 966 1158 1049 creticum,
1189 967 1364 1031 contuleris
1392 987 1465 1031 cunr

319 1073 444 1157 legibus
463 1074 596 1138 iambici
615 1074 744 1158 senarii,
767 1074 882 1139 miram
901 1075 1070 1158 utriusque
1088 1075 1215 1159 generis
1240 1095 1311 1137 cum
1332 1074 1369 1148 in
1392 1073 1464 1138 aliis

319 1181 415 1246 rebus
441 1184 512 1246 tum
537 1181 571 1246 in
596 1187 786 1248 accentuum
814 1182 941 1248 ratione
968 1181 1226 1246 convenientiam
1251 1181 1327 1246 ilico
1355 1181 1465 1264 deprc·

319 1287 447 1353 hendes.
494 1289 539 1354 nt
562 1293 598 1354 ut
621 1313 732 1355 mrsas
757 1291 798 1355 ab
822 1312 861 1355 ea
883 1293 986 1375 parte,
1008 1311 1090 1374 quae
1112 1293 1189 1373 post
1214 1309 1380 1354 caesuram
1407 1293 1465 1371 est,

319 1395 488 1478 incipiam:
526 1395 646 1462 eisdem
679 1419 812 1480 prorsus
845 1397 1088 1462 condicionibus
1121 1400 1272 1460 accentus
1304 1395 1463 1479 neglectio

319 1503 443 1587 regitur
465 1503 501 1568 in
523 1503 692 1569 formando
712 1504 971 1588 septenariornm
995 1503 1091 1568 exitu.
1122 1501 1161 1568 In
1185 1524 1249 1586 quo
1272 1503 1343 1586 pari
1366 1506 1464 1585 atque

318 1609 352 1674 in
382 1611 517 1675 senariis
541 1611 666 1675 ratione
690 1610 835 1676 omnium
858 1609 998 1693 primum
1023 1610 1155 1694 probati
1179 1613 1255 1674 sunt
1277 1608 1311 1672 hi
1335 1608 1464 1674 ordines

319 1717 503 1782 verborum:
526 1719 616 1801 fraqi
632 1719 734 1797 borrae,
753 1718 861 1782 animc'
882 1718 973 1793 lubet,
996 1719 1050 1782 sc'd
1070 1717 1207 1781 ammeta
1230 1716 1286 1778 tibi
1309 1711 1379 1800 (Tr.
1390 1715 1464 1779 666.

319 1822 392 1887 875.
418 1822 532 1909 1010),
561 1824 683 1906 &pacti
707 1825 816 1902 uelint,
836 1825 994 1906 prdbicre‘s
1020 1823 1131 1902 clamat,
1159 1823 1290 1905 imperto
1314 1827 1374 1900 tto,
1401 1823 1464 1904 cpe?-

316 1931 426 1994 stotc'm
447 1931 526 2008 nolo,
550 1931 724 1998 occultassis
746 1931 832 2014 aas,
854 1931 1094 2013 catemariam
1116 1951 1208 2008 nanc,
1230 1929 1464 1996 mammeam

318 2037 382 2102 tici.
424 2037 486 2114 Qui
510 2041 619 2105 autem
643 2038 694 2103 vel
716 2039 751 2103 in
774 2039 908 2104 senariis
932 2058 1083 2121 perrarus
1102 2037 1166 2102 fuit
1188 2036 1274 2102 binis
1297 2037 1464 2102 vocabulis

317 2143 497 2210 iambicis
526 2145 658 2210 effectas
687 2146 792 2212 exitus
820 2149 858 2210 ut
884 2143 1003 2210 malam
1029 2164 1160 2221 crucem,
1189 2145 1261 2226 cpit
1286 2144 1364 2228 suit,
1390 2165 1464 2209 sum

318 2251 422 2316 multo
455 2251 554 2318 ctiam
592 2251 698 2336 magis
735 2251 911 2336 septenarii
947 2250 1172 2334 repudiarunt:
1213 2272 1273 2316 nec
1305 2251 1377 2316 'eius
1415 2251 1464 2316 ccl

318 2379 418 2421 unum
451 2360 633 2442 exemplum
666 2359 701 2423 in
729 2357 918 2424 Trinummo
946 2357 1226 2441 Bacchidibusque
1258 2357 1463 2423 offendimus:

318 2485 393 2526 uam
416 2463 501 2546 abero
525 2469 590 2528 tum
613 2465 691 2528 ntur
713 2485 806 2546 upum
825 2487 841 2527 e
861 2462 978 2530 Bacch.
994 2464 1055 2528 671
1075 2464 1168 2544 [708]
1192 2485 1287 2528 nemo
1311 2469 1463 2550 opponet,

158 2587 298 2627 ccxxxm
318 2569 374 2633 ubi
404 2569 540 2654 spondei
571 2591 755 2635 mensuram
785 2572 864 2635 istuc
894 2577 1015 2635 servat:
1048 2570 1086 2634 dc
1117 2592 1146 2635 v.
1169 2570 1233 2635 447
1266 2571 1359 2652 [479]
1388 2593 1462 2636 mor

317 2675 453 2740 dicetur:
481 2675 662 2741 Trinummi
691 2680 800 2742 autem
832 2699 859 2741 v.
885 2676 949 2741 329
978 2676 1066 2741 o'mnc
1092 2681 1194 2740 cutm
1221 2675 1351 2742 mcdmst
1376 2680 1463 2742 tetrica

319 2781 416 2847 aliam
441 2781 483 2848 ob
507 2805 656 2848 caussam
679 2785 745 2848 iam
769 2806 866 2867 supra
889 2783 1068 2849 reiecimus.
1113 2781 1220 2867 Magis
1252 2784 1368 2849 mirere
1398 2809 1462 2851 non

316 2889 383 2953 fere
420 2891 527 2954 minus
564 2891 710 2956 insolens
743 2891 776 2956 in
809 2891 999 2975 septenariis
1032 2891 1094 2956 hoc
1130 2912 1232 2976 genus
1269 2914 1340 2957 esse
1377 2895 1463 2977 quod

317 2997 570 3079 spondiacum
602 2999 689 3064 inter
720 2999 783 3063 duo
817 2997 958 3063 iambica
990 2996 1150 3092 vocabula¹
1181 2997 1322 3061 medium
1354 2999 1463 3083 babet,

316 3125 381 3168 non
415 3105 600 3190 infrequens
633 3105 716 3170 illud
748 3107 781 3170 in
815 3105 963 3170 senariis:
996 3104 1087 3169 cuius
1119 3104 1248 3188 quidem
1276 3105 1324 3168 rei
1347 3127 1463 3170 caussa

317 3232 383 3274 non
406 3211 486 3276 haec
508 3213 572 3276 fuit
596 3213 681 3296 quod
705 3235 770 3277 non
793 3213 874 3276 satis
893 3213 1050 3276 concinna
1068 3211 1126 3274 illa
1145 3209 1267 3294 species
1291 3211 1463 3294 videretur,

319 3317 373 3380 scd
405 3319 490 3402 quod
521 3320 619 3384 nimis
649 3319 731 3383 lenia
755 3323 788 3383 ct
810 3319 936 3384 sedata:
969 3317 1125 3383 maiorem
1150 3317 1235 3382 enim
1259 3318 1406 3403 vigorem
1429 3323 1463 3383 et

319 3423 520 3489 alacritatem
558 3425 720 3508 quandam
756 3425 912 3490 trochaici
948 3426 1131 3490 tetrametri
1167 3447 1245 3510 prae
1278 3447 1312 3490 se
1344 3428 1462 3490 ferunt.

317 3527 401 3592 Hinc
432 3530 535 3614 igitur
567 3535 617 3595 est
649 3554 706 3596 cur
737 3554 836 3596 unum
868 3535 996 3596 tantum
1028 3531 1184 3596 eiusmodi
1215 3533 1396 3616 exemplum
1428 3533 1461 3597 in

317 3634 404 3699 Trin.
425 3638 529 3700 exstet
548 3661 575 3701 v.
587 3639 661 3720 868,
683 3638 748 3702 tria
770 3639 804 3702 in
823 3637 940 3702 Bacch.
959 3661 987 3702 v.
1007 3637 1081 3703 458.
1100 3637 1174 3703 694.
1195 3639 1257 3703 721
1283 3639 1372 3720 [490.
1389 3640 1462 3704 731.

319 3741 410 3822 758];
433 3741 523 3807 habet
539 3742 652 3808 rccldm
669 3747 766 3828 uiam,
788 3745 883 3808 mulis
900 3745 1009 3808 malim
1031 3745 1139 3822 nadis,
1156 3747 1247 3826 patri
1267 3745 1368 3810 nabes
1391 3747 1466 3827 tuis·

316 3851 376 3912 erit
396 3849 521 3932 sicusim
542 3851 658 3914 datram.
706 3849 891 3934 Eademque
916 3871 1032 3914 caussa
1056 3855 1107 3914 est
1129 3873 1185 3914 cur
1209 3851 1377 3936 aliquanto
1400 3851 1462 3916 fre-

318 3958 488 4040 quentiora
515 3959 582 4022 sint
611 3979 693 4042 quae
722 3979 781 4042 pro
809 3955 984 4041 spondiaco
1018 3958 1308 4041 anapaesticum
1339 3959 1491 4024 habent·

318 4064 466 4128 iambicis
494 4065 738 4149 interpositum,
765 4068 804 4128 ut
830 4063 918 4127 Trin.
945 4064 1019 4128 351.
1045 4065 1138 4129 1179.
1172 4065 1289 4131 Bacch.
1312 4068 1363 4132 53.
1387 4068 1462 4132 412.

319 4171 393 4235 428.
416 4172 492 4235 434.
514 4172 579 4236 453
606 4171 671 4252 [84.
694 4171 768 4234 444.
792 4171 866 4234 460.
885 4171 960 4235 466.
979 4171 1074 4252 485]:
1097 4170 1188 4236 hahe‘s
1205 4171 1317 4237 haberis
1334 4173 1462 4251 malum,

317 4278 389 4340 iam
407 4277 515 4342 ecclesie
533 4279 608 4357 licet,
632 4279 730 4342 ῑοοιὶηι
749 4277 882 4358 lcpirlcim
900 4277 987 4362 daho,
1007 4279 1099 4342 scrccn
1122 4280 1257 4344 minum-i
1271 4277 1364 4363 preti,
1381 4281 1463 4362 puer

312 4386 413 4464 puero
431 4385 502 4464 suit,
525 4387 589 4450 dics
610 4383 708 4466 socu'rit
731 4384 843 4466 mineus,
866 4385 987 4464 quidda
1007 4385 1100 4465 pac-iil
1116 4385 1236 4466 pudor:
1260 4385 1300 4450 ad
1324 4407 1461 4469 quorum

319 4489 561 4555 similitudinem
591 4511 691 4574 prope
719 4489 842 4554 aecem
870 4475 985 4562 sacch.
1009 4493 1073 4554 447
1100 4493 1192 4571 [479]
1222 4497 1276 4574 aar
1300 4496 1363 4560 mss
1390 4496 1461 4558 aran
