3332 5074
569 409 832 458 anaunarroms
855 410 1067 459 enavimus.
1324 393 1387 460 391

354 554 456 618 Amor
478 554 581 618 amari
604 553 660 620 dat
682 556 792 618 tamen
815 549 906 638 satis,
929 553 1014 638 quod
1037 553 1082 620 sit
1104 553 1248 640 adgrffi),

247 663 358 726 tamen
385 681 425 724 ne
453 659 515 725 hoc
542 660 672 745 quidem
697 661 737 726 ad
761 659 960 726 simillimam
982 662 1066 726 caim
1088 662 1177 727 vocis
1200 662 1387 747 pronuntia·

243 770 366 832 tionem
394 766 667 850 comprobandam
695 770 745 832 eet
772 767 965 834 adhibitum.
1011 767 1116 844 Quid?
1145 768 1231 854 quod
1258 791 1299 834 ne
1326 792 1387 835 usu

243 877 373 958 recepta
400 873 529 959 quidem
556 873 785 957 monosyllaba
812 874 973 958 scriptura
1000 873 1084 940 alius
1109 877 1197 941 vocis
1220 876 1387 942 cuiusdam

241 979 279 1044 de
298 1001 374 1045 vera
393 981 519 1046 ratione
538 979 729 1046 admonuit?
761 977 846 1044 Nam
865 980 941 1065 quid
961 983 1011 1046 est
1034 1003 1097 1067 quo
1121 1005 1141 1048 a
1162 982 1387 1067 monosyllaba

241 1085 335 1152 bonas
357 1087 408 1152 vel
431 1107 532 1153 senua
554 1087 659 1152 forma
681 1106 786 1152 coreas
808 1085 937 1152 differat
958 1109 1026 1172 pro·
1041 1089 1164 1155 naiaco
1186 1088 1285 1154 scribi
1309 1090 1387 1156 soli-

241 1194 334 1258 tum?
358 1193 480 1271 Quodsi
503 1193 582 1259 haec
606 1193 753 1278 exempla
771 1193 881 1258 omnia
900 1195 1028 1277 quaeris
1047 1195 1124 1280 quid
1143 1195 1229 1262 inter
1248 1217 1282 1260 se
1300 1217 1386 1262 com·

241 1323 337 1365 mune
364 1299 521 1386 habeant,
553 1299 649 1365 facile
678 1321 716 1365 eo
745 1299 927 1384 pervenies,
955 1303 991 1365 ut
1019 1301 1115 1366 certis
1143 1301 1385 1368 condicionibus

240 1406 312 1492 regi
333 1406 396 1472 hoc
419 1429 522 1494 genus
545 1408 730 1472 universum
753 1406 935 1492 intellegas,
957 1408 1043 1492 quod
1067 1408 1243 1475 binarum
1267 1408 1384 1492 sylla-

240 1513 375 1578 barum
399 1511 480 1598 (non
502 1515 650 1580 binarum
674 1513 835 1580 vocalium
854 1535 925 1578 sese
944 1513 1188 1602 excipientium)
1211 1516 1250 1580 in
1274 1538 1385 1582 unam

239 1621 508 1688 contractione
538 1621 730 1688 continetur.
776 1619 907 1685 Etenim
931 1623 963 1685 et
991 1621 1147 1686 nomina
1175 1626 1253 1688 sunt
1275 1624 1385 1690 omnia

237 1727 288 1792 vel
306 1729 538 1813 particulae,
556 1750 622 1794 non
636 1727 748 1792 verba:
768 1730 801 1791 et
819 1727 1024 1793 iambicam
1043 1749 1226 1794 mensuram
1245 1734 1384 1814 aequant

238 1835 356 1920 omnia,
380 1835 431 1901 vel
455 1834 540 1920 quod
563 1835 677 1900 eodem
705 1833 797 1918 redit,
819 1833 1092 1918 pyrrhichiacem:
1121 1839 1155 1902 et
1177 1858 1289 1901 unam
1313 1841 1383 1902 tan-

236 1945 306 2006 tum
329 1942 414 2008 inter
436 1943 530 2008 binas
554 1941 683 2008 vocales
706 1945 987 2007 consonantem
1010 1943 1132 2010 habent
1155 1964 1290 2028 eamque
1313 1948 1383 2010 tan-

236 2053 305 2114 turn
332 2071 398 2114 non
426 2071 553 2135 semper
580 2049 778 2133 liquidam.
824 2047 863 2112 In
891 2050 1012 2116 talibus
1040 2051 1142 2137 igitur
1170 2050 1303 2116 vocibus
1326 2051 1382 2116 bi·

237 2155 403 2240 syllabis
432 2179 505 2222 eam
532 2156 631 2222 fuisse
659 2157 735 2221 vim
763 2155 923 2220 litterae
950 2155 1122 2240 liquidae
1150 2156 1384 2244 contendimus,

237 2266 274 2328 ut
307 2264 415 2350 aliquo
448 2263 544 2329 modo
581 2263 727 2328 extrita
759 2261 869 2326 brevi
901 2285 983 2346 quae
1015 2263 1223 2348 praecederet
1254 2265 1382 2330 vocali

235 2391 312 2435 una
334 2373 484 2436 tantum
509 2370 664 2456 syllaba
687 2369 865 2452 audiretur,
887 2368 920 2433 id
944 2370 1030 2454 quod
1053 2372 1193 2458 quadam
1215 2375 1294 2460 nota¹
1317 2372 1382 2438 ein·

236 2476 342 2560 gulari
366 2478 412 2544 sic
435 2477 656 2564 significamus
678 2469 771 2562 elmi,
795 2469 907 2543 timeo.
939 2475 1014 2543 Non
1033 2477 1095 2544 hoo
1114 2479 1181 2544 ullo
1197 2477 1294 2544 modo
1309 2499 1382 2544 con-

235 2583 408 2668 tendimus,
429 2583 551 2648 fectum
576 2582 608 2648 id
632 2605 702 2649 esse
725 2583 759 2648 in
781 2582 961 2650 illiusmodi
979 2585 1139 2671 omnibns
1162 2586 1217 2652 sed
1236 2585 1381 2670 potuisse

237 2691 323 2774 fieri,
346 2689 413 2754 acri
436 2694 545 2755 autem
569 2691 788 2775 exemplorum
811 2691 1085 2778 pervestigatione
1109 2692 1245 2758 anobis
1269 2713 1379 2757 eruen-

234 2799 312 2864 dum
340 2820 423 2883 esse,
450 2798 485 2862 in
513 2799 629 2883 quibus
658 2797 781 2864 factum
810 2799 854 2863 sit
882 2819 1004 2883 reapse.
1050 2797 1136 2864 Nam
1164 2820 1181 2862 e
1210 2802 1379 2882 perspecta

232 2907 305 2991 lege
323 2905 475 2971 Plautina
494 2904 625 2971 criticae
645 2905 724 2970 artis
743 2905 795 2970 lex
814 2904 1013 2970 consectaria
1030 2903 1112 2970 haec
1134 2910 1185 2972 est
1207 2910 1252 2990 ut,
1276 2905 1379 2971 sicubi

234 3014 392 3096 suspectis
419 3009 562 3077 numeris
591 3012 641 3076 vel
670 3012 776 3096 specie
804 3010 929 3077 labanti
952 3015 1056 3078 metro
1079 3012 1222 3078 defensio
1246 3015 1302 3078 aut
1325 3034 1377 3076 ex-

234 3118 359 3183 cusatio
383 3119 424 3182 ab
447 3118 535 3183 illius
559 3122 695 3184 naturae
718 3118 878 3184 vocabulo
901 3119 1018 3201 parata
1041 3118 1098 3202 sit,
1125 3141 1191 3184 non
1214 3119 1257 3184 ait
1279 3117 1378 3184 libro·

233 3245 304 3288 rum
327 3224 488 3308 scriptura
510 3228 630 3291 temere
654 3225 868 3292 sollicitanda.
904 3223 1019 3308 Itaque
1037 3245 1110 3290 cum
1133 3224 1273 3290 aliorum
1296 3224 1376 3291 satis

232 3329 384 3414 frequens
409 3330 453 3396 sit
475 3331 701 3416 monosyllaba
724 3329 954 3427 pronuntiatio
977 3334 1087 3396 tamen
1109 3353 1150 3396 ne
1173 3331 1208 3396 in
1230 3331 1288 3397 illa
1311 3331 1379 3417 qui·

232 3468 307 3525 thesi
329 3440 461 3539 positum.
497 3469 562 3526 Non
585 3470 677 3541 magis
700 3469 788 3542 igitur
811 3472 844 3526 nt
865 3470 942 3526 omni
960 3473 1079 3526 accentu
1097 3469 1262 3527 destitutum
1278 3469 1310 3526 in
1327 3469 1378 3526 illo

1399 575 1494 620 cmv

1391 3045 1474 3089 OXIN

232 3574 328 3614 versus
346 3559 408 3617 loco
427 3577 527 3618 aarum
545 3558 708 3630 percipitur,
730 3577 816 3631 qnam
830 3560 866 3615 ab
880 3559 961 3616 initio
975 3577 1071 3616 verena
1086 3560 1254 3618 collocatum
1268 3559 1378 3616 dmum
1444 3625 1447 3634 1

231 3651 313 3716 atqie
326 3650 451 3707 ababuc.
484 3648 564 3714 Quod
582 3648 646 3704 volo
663 3648 754 3719 capite
767 3648 832 3704 XVI
850 3648 1002 3720 disputatis
1020 3649 1095 3706 addi.
1123 3649 1274 3706 Duobnene
1292 3649 1378 3719 igitur

232 3735 299 3792 eolis
322 3735 456 3807 exemplis
478 3737 579 3792 Heant.
599 3737 647 3806 ΙΙΙ,
666 3743 692 3807 2,
711 3743 728 3792 4
747 3737 776 3792 et
793 3736 880 3793 Andr.
900 3735 935 3806 Il,
954 3742 980 3806 6,
998 3743 1015 3792 8
1034 3736 1179 3794 credemus
1202 3756 1283 3793 naum
1301 3736 1378 3792 illius

233 3825 358 3895 genetivi
376 3825 576 3882 Terentianum
596 3843 709 3882 omnem
727 3825 882 3882 contineri?
920 3825 1022 3882 Credat
1040 3825 1089 3896 qui
1107 3827 1224 3897 poterit:
1243 3827 1313 3882 mihi
1331 3827 1378 3883 vix

234 3913 353 3969 dubium
376 3917 420 3970 est
443 3916 510 3985 quin
532 3918 664 3986 corrupta
685 3916 749 3971 sint.
787 3917 824 3970 ut
845 3915 962 3971 alterim
985 3915 1099 3985 quidem
1120 3914 1201 3972 initio
1223 3914 1317 3970 nescio
1340 3933 1378 3970 an

234 4002 335 4059 vocula
352 4003 498 4061 exciderit:

921 4076 1055 4133 uidelicet

446 4162 520 4234 Quia
538 4163 645 4220 Cliniae
664 4164 712 4219 ille
731 4181 826 4221 seruos
844 4165 1057 4236 tardiusculust,

444 4250 550 4307 Idcirco
569 4253 634 4308 huic
652 4255 747 4309 nostro
765 4253 898 4310 &adimet
916 4253 1072 4324 prouincia:

231 4338 263 4393 in
282 4339 372 4395 altero
392 4354 409 4393 a
426 4339 548 4396 librariis
571 4340 715 4398 turbatum
733 4358 794 4398 esso
811 4341 962 4412 pristinum
980 4342 1129 4398 verborum
1148 4338 1273 4396 ordinem
1292 4341 1374 4412 puto:

442 4427 564 4484 Huiusce
582 4431 697 4500 propter
714 4430 942 4488 consuetudinem
961 4429 1125 4501 hospitae.']

319 4518 345 4587 ΙΙ)
365 4517 463 4588 [Aac
482 4517 572 4575 amari
589 4518 639 4574 dc't
656 4519 724 4574 eatis
741 4519 814 4592 qaod
831 4521 934 4592 arpeo
952 4518 1058 4594 'I'riu'l
