3338 5072
315 391 381 456 304
603 408 865 459 raoauoouana
889 410 937 458 uu
961 411 1173 462 narronmvs

315 550 586 635 quemadmodum
610 554 768 638 quosdam
791 575 904 620 versus
924 551 1129 639 (versunmve
1148 551 1272 641 parles)
1290 557 1461 620 servarunt

315 657 348 723 in
372 657 406 722 Β
430 657 642 745 desideratos,
671 661 718 726 ita
741 661 869 726 circiter
897 661 1016 747 viginti
1039 661 1074 727 Β
1098 661 1252 744 servavit,
1281 681 1363 745 qnos
1387 661 1421 726 in
1443 681 1463 740 η

315 764 472 830 excidisse
491 764 637 830 codicum
658 765 722 833 01)
740 789 915 834 consensus
936 766 1031 834 docet
1050 766 1156 855 (velut
1175 768 1261 834 'Prin
1276 767 1351 834 322.
1365 765 1463 854 904):

315 871 371 936 sed
394 875 431 936 ut
454 875 565 936 tamen
588 872 693 940 altera
712 877 861 958 exparte
880 873 979 940 etiam
997 874 1033 940 in
1053 873 1116 940 ΟΒ
1134 875 1337 960 reperiantur
1354 895 1464 957 quam·

316 999 414 1064 quam
436 1000 572 1045 numero
601 981 709 1066 pauci,
736 982 791 1066 qui
815 1005 834 1048 a
856 981 891 1047 Β
914 981 1037 1066 absint,
1064 983 1153 1048 velut
1179 980 1400 1048 Mostellariaa
1423 978 1465 1050 Vr

317 1091 345 1170 1,
371 1087 421 1152 10.
445 1085 486 1152 el.
505 1084 593 1151 Triu.
615 1088 710 1154 1174„
747 1088 855 1174 Atque
878 1088 942 1154 hoe
965 1111 1029 1156 uno
1053 1089 1172 1156 indicio
1197 1090 1277 1155 satis
1300 1089 1367 1154 iam
1390 1109 1463 1152 eau-

314 1197 384 1258 tum
414 1215 485 1258 esse
514 1193 680 1278 existimo,
707 1216 748 1259 ue
777 1196 851 1280 quis
880 1195 945 1263 OD
971 1196 1073 1262 libros
1101 1219 1139 1262 ex
1167 1197 1239 1280 ipso
1262 1195 1297 1262 Β
1319 1199 1464 1280 repetere

315 1300 460 1364 animum
488 1299 628 1366 inducat.
674 1300 789 1386 Neque
819 1307 939 1370 temere
967 1304 1141 1388 quicquam
1163 1307 1350 1388 propterea,
1378 1301 1463 1388 quod

315 1409 367 1472 vel
396 1408 431 1472 in
458 1407 492 1473 Β
519 1407 591 1473 solo
620 1408 671 1473 vel
699 1409 734 1474 in
763 1410 842 1476 solis
867 1409 930 1477 CD
958 1410 1092 1496 legitur,
1120 1409 1255 1477 calidius
1282 1408 1463 1495 putandum

315 1517 366 1579 est
397 1512 471 1579 fidei
504 1517 562 1578 aut
594 1515 668 1598 plus
702 1519 760 1581 aut
791 1517 897 1582 miuus
929 1516 1064 1582 habere:
1095 1517 1195 1584 immo
1224 1539 1262 1583 ex
1291 1517 1464 1582 coniuncta

315 1620 445 1686 demum
468 1619 584 1686 horum
606 1622 707 1687 trium
731 1624 875 1690 omnium
893 1625 1051 1690 memoria
1069 1624 1151 1689 illud
1171 1624 1354 1708 eruendum,
1378 1621 1462 1708 quod

316 1727 464 1792 videatur
477 1727 510 1792 in
524 1729 689 1794 communi
702 1729 793 1797 fonte
808 1751 824 1796 e
839 1731 1012 1798 exstitisse.
1036 1731 1066 1796 A
1081 1732 1172 1798 cuius
1188 1735 1298 1798 tamen
1312 1731 1459 1815 exemplo

314 1834 411 1900 facile
435 1855 512 1899 sane
536 1836 717 1920 generatim
739 1836 896 1903 iudicanti
919 1841 1011 1922 patet
1034 1837 1131 1922 longe
1154 1838 1288 1923 propius
1306 1837 1341 1903 Β
1365 1859 1463 1922 quam

315 1940 379 2008 OD
408 1941 536 2026 abesse,
568 1943 622 2027 qui
655 1943 696 2008 ab
726 1943 785 2010 illo
816 1944 940 2009 minore
970 1943 1088 2010 aetatis
1117 1964 1214 2028 quam
1242 1943 1464 2028 praestantiae

314 2049 485 2114 intervallo
508 2048 639 2116 distent.
663 2047 785 2115 Verum
808 2049 873 2134 ipsi
887 2049 951 2116 01)
974 2071 1039 2134 qna
1062 2053 1205 2133 externa,
1228 2049 1339 2114 eadem
1362 2049 1461 2133 scrip·

314 2159 408 2221 turae
437 2177 565 2240 quoque
601 2156 812 2222 similitudine
840 2157 888 2222 ita
918 2157 1139 2240 continentur,
1171 2161 1208 2222 ut
1238 2158 1376 2222 alterum
1406 2155 1462 2241 qui

314 2263 348 2326 in
370 2265 524 2348 promptu
548 2261 683 2346 habeat,
711 2262 777 2328 lere
806 2263 876 2328 sine
905 2263 972 2328 ullo
995 2262 1200 2329 incommodo
1224 2284 1333 2328 carere
1357 2263 1461 2328 altero

314 2370 426 2457 possit.
463 2367 548 2434 Nam
567 2367 682 2434 horum
703 2371 831 2456 quidem
850 2371 949 2436 etiam
967 2371 1100 2456 propior
1118 2375 1169 2436 est
1192 2369 1345 2454 affinitas,
1363 2390 1461 2454 quum

315 2499 397 2563 quae
424 2477 511 2541 inter
540 2474 709 2544 BnrJz
743 2477 927 2543 intercedit:
968 2477 1032 2542 uisi
1060 2477 1146 2562 quod
1174 2480 1285 2542 tamen
1312 2479 1461 2542 neutrum

314 2605 353 2648 ex
376 2583 479 2649 altero
502 2582 699 2669 descriptum
724 2605 794 2650 essa
817 2587 941 2649 certum
965 2586 1023 2647 est.
1061 2581 1146 2646 Hinc
1169 2583 1271 2669 igitur
1294 2586 1344 2648 est
1367 2581 1462 2667 qnod,

314 2711 386 2756 cnm
416 2691 558 2756 breviter
588 2689 766 2776 loquimur,
794 2689 890 2756 fidem
921 2711 1049 2756 omnem
1080 2688 1251 2755 Plautinae
1282 2690 1461 2775 scripturae

314 2803 400 2865 recte
424 2798 560 2864 dicimus
589 2797 627 2861 in
651 2797 902 2863 Ambrosiani
925 2795 1273 2882 Palatinorumque
1303 2796 1461 2861 memoria

313 2905 499 2972 consistere.
545 2901 697 2971 Ceterum
721 2927 740 2984 η
764 2926 837 2969 eum
860 2903 961 2970 finisse
991 2903 1134 2970 codicem
1162 2905 1306 2989 oportet,
1333 2903 1367 2968 in
1396 2924 1459 2989 quo

218 3049 301 3091 mn
314 3013 454 3099 primum
483 3012 612 3078 sublata
638 3012 726 3078 iusta
752 3033 904 3078 versuum
927 3009 1135 3077 distinctione
1158 3013 1274 3095 poetae
1297 3009 1397 3076 verba
1419 3010 1460 3075 ad

313 3142 431 3207 prosae
464 3120 622 3188 orationis
655 3117 899 3185 similitudinem
928 3116 1158 3201 scriberentur,
1190 3115 1345 3202 quoniam
1378 3137 1460 3201 quae

314 3229 363 3293 ita
385 3250 471 3294 nova
492 3249 645 3293 versuum
667 3248 733 3291 nou
758 3225 966 3292 metricorum
990 3223 1159 3308 discriptio
1183 3224 1313 3310 prodiit,
1335 3245 1375 3291 ca
1394 3247 1459 3290 nou

314 3357 467 3421 umquam
492 3335 558 3400 alia
580 3333 613 3399 in
637 3331 666 3398 0
686 3335 783 3417 atque
806 3332 842 3396 in
865 3330 899 3395 D
922 3335 981 3415 est,
1003 3352 1116 3396 verum
1139 3331 1318 3396 communis
1341 3331 1459 3396 utrius-

312 3464 384 3527 que.
429 3440 476 3506 Vt
496 3441 559 3507 hac
583 3461 711 3526 quoque
735 3438 768 3503 in
791 3441 883 3524 parte
905 3437 956 3502 illi
978 3459 998 3518 η
1021 3436 1125 3504 codici
1148 3438 1285 3503 multum
1310 3441 1342 3502 et
1360 3438 1395 3504 Β
1418 3441 1460 3524 el,

314 3553 350 3612 ut
373 3552 624 3614 cousentaneum
648 3551 699 3612 est
722 3545 859 3629 credere,
884 3543 1110 3630 Tpraestent.

401 3655 441 3720 In
471 3653 645 3720 Germania
680 3656 789 3720 autem
820 3655 965 3717 servatae
995 3651 1192 3737 posteriores
1221 3651 1352 3717 fabulae
1384 3650 1459 3718 duo·

312 3761 416 3826 decim
439 3765 613 3847 postquam
637 3783 675 3825 ex
698 3759 868 3826 homiuum
891 3756 1113 3825 litteratorum
1139 3780 1201 3824 usu
1228 3762 1261 3823 et
1289 3763 1459 3825 consuetu-

312 3867 387 3932 dine
411 3868 539 3953 elapsae
563 3890 622 3953 per
645 3867 770 3953 aliquot
793 3866 923 3934 saecula
940 3865 1149 3932 delituerant:
1173 3863 1264 3952 (nam
1284 3866 1384 3931 etiam
1404 3867 1458 3950 qui

312 3974 532 4042 ‘Thesaurum
560 3973 749 4040 latinitatis'
776 3973 869 4040 illum
898 3971 1043 4040 condidit
1071 3995 1088 4038 e
1115 3973 1237 4039 saeculi
1258 3972 1323 4037 XII
1350 3972 1459 4039 codice

313 4082 354 4148 ub
378 4082 520 4167 Angeia„
529 4081 618 4147 Maio
642 4080 744 4148 Olass.
768 4085 851 4146 auct
874 4102 892 4145 e
914 4080 990 4146 Vat
1014 4080 1082 4146 cod.
1105 4081 1153 4147 ad
1177 4085 1268 4146 tomo
1286 4079 1367 4146 Vlll
1391 4080 1458 4145 vul·

312 4193 439 4274 gotum,
467 4188 554 4254 solas
578 4193 651 4256 octo
674 4189 798 4274 priores
821 4186 1005 4275 tractaritt)
1029 4187 1147 4253 saeculi
1171 4187 1233 4254 XV
1256 4187 1351 4252 initio
1374 4187 1459 4252 inter

311 4295 413 4360 Italos
437 4317 475 4360 ex
498 4315 564 4361 uno
583 4295 617 4360 D
634 4296 855 4380 innotuerunt,
879 4317 896 4360 e
920 4317 982 4380 quo
1002 4297 1162 4380 quotquot
1180 4295 1311 4360 illarum
1331 4297 1459 4360 exstant

312 4401 379 4467 siue
403 4401 526 4488 scripta
553 4401 621 4468 sive
649 4403 808 4489 impressa
835 4400 1033 4488 exemplaria
1060 4405 1189 4487 praeter
1211 4401 1280 4468 Bo
1299 4399 1458 4488 originem

312 4511 479 4574 traxerunt
512 4507 629 4574 omnia
676 4507 738 4584 Qui
766 4529 839 4572 oum
868 4529 952 4574 anno
983 4524 1253 4576 croccccxxvnn
1282 4509 1330 4574 uti
1359 4529 1458 4594 supra
