3302 5076
291 410 355 476 648
667 423 902 474 narnnuscnn
926 425 1054 472 nnnnu.

291 567 549 634 celebrabimus?
585 567 663 634 Non
684 569 732 633 its
755 589 847 651 sane,
872 567 928 633 ssd
952 567 1118 653 ingenium
1141 565 1356 652 laudabimus,
1378 569 1433 633 ssd

292 675 357 739 vim
376 675 628 760 intellegentiae,
650 675 850 757 eruditionis,
873 675 1085 758 eloquentiae,
1108 671 1164 738 sed
1183 674 1284 738 animi
1302 675 1433 739 nobilis·

245 809 279 850 vr
294 782 376 847 simo
405 781 522 866 spiritu
550 781 774 847 incalescentis
803 780 963 865 vigorem,
990 780 1163 864 fervorem,
1190 782 1352 865 ardorem,
1380 781 1434 845 sed

291 887 500 954 consiliorum
528 887 781 971 generositatem
810 890 907 971 etque
930 887 1165 971 excelsitatem,
1197 885 1254 953 sed
1277 887 1436 952 sentiendi

292 993 472 1080 agendique
495 993 726 1059 liberalitatem
747 1015 819 1058 cum
838 993 926 1058 iuste
945 992 1141 1059 confidentia
1159 993 1327 1077 sociatam,
1350 994 1434 1059 vitae

292 1100 431 1185 denique
455 1122 645 1185 morumque
669 1101 897 1184 urbanitatem,
920 1101 1126 1186 elegantiam,
1149 1100 1435 1186 magnificentiam.

292 1209 423 1294 Ergone
447 1208 498 1272 vel
522 1208 649 1274 debitas
673 1208 784 1274 laudes
808 1207 1001 1273 invidiosius
1025 1211 1197 1273 extenuare
1217 1210 1267 1272 vel
1290 1228 1436 1272 reveren-

292 1316 358 1381 tiae
382 1314 490 1381 officio
514 1315 625 1382 deesse
650 1314 918 1398 existimabimur,
940 1336 1013 1380 cum
1038 1315 1145 1380 minus
1169 1315 1203 1379 in
1227 1314 1435 1400 generosissi-

298 1445 386 1487 mum
410 1421 593 1506 Principem
621 1425 772 1506 paternas
800 1444 898 1506 quem
926 1443 1001 1486 suas
1026 1422 1161 1488 virtutes
1186 1421 1299 1486 cadere
1321 1420 1436 1486 dixeri-

296 1530 391 1594 mus?
424 1528 511 1604 Quas
530 1527 669 1611 quidem,
693 1549 775 1612 quae
794 1529 969 1613 qualesque
988 1527 1119 1594 tandem
1143 1531 1177 1592 et
1198 1531 1340 1613 quantae
1363 1526 1438 1612 sint,

294 1658 360 1702 non
388 1636 565 1720 poterimus
595 1635 644 1701 vel
674 1635 801 1720 plenius
831 1655 1026 1719 cognoscere
1050 1635 1100 1701 vel
1123 1636 1243 1702 rectius
1267 1635 1438 1700 aestimare

294 1766 392 1828 quam
425 1765 442 1806 e
475 1741 594 1808 diversi
626 1743 754 1827 generis
786 1743 1038 1826 comparatione.
1085 1741 1320 1827 Comparare
1353 1742 1438 1807 eninr

295 1851 380 1916 inter
403 1871 447 1931 se,
470 1870 551 1932 quae
571 1854 603 1914 et
621 1849 655 1914 in
675 1848 888 1914 similitudine
907 1849 1080 1916 dissimilia
1098 1854 1183 1933 sunt,
1206 1853 1239 1913 et
1262 1849 1382 1914 similia
1404 1849 1438 1913 in

296 1956 569 2039 dissimilitudine,
592 1955 625 2020 id
645 1978 719 2021 vero
744 1960 794 2020 est
818 1955 984 2040 eiusmodi,
1008 1959 1100 2021 utet
1123 1955 1290 2020 hominum
1315 1959 1439 2020 mentes

295 2064 372 2128 illuc
395 2062 603 2146 potissimum
627 2085 855 2149 usquequaque
878 2061 1050 2127 trahantur
1073 2065 1106 2128 et
1129 2065 1295 2147 tamquam
1319 2062 1438 2126 invitae

295 2170 478 2253 rapientur,
512 2173 544 2234 et
571 2169 605 2233 in
634 2170 749 2253 quovis
777 2191 894 2254 genere
924 2157 1072 2234 renititis
1095 2167 1297 2254 indagandae
1321 2168 1440 2233 certior

297 2277 349 2341 ria
378 2276 521 2342 nondum
552 2277 684 2342 inventa
716 2277 768 2342 sit.
819 2275 865 2341 At
894 2298 971 2342 vero
1001 2275 1101 2341 habet
1130 2275 1210 2341 haee
1241 2275 1439 2360 comparatio

297 2383 463 2450 cautiones
493 2405 583 2466 suas,
616 2405 696 2468 quas
724 2383 913 2468 priusquam
941 2382 1120 2448 accuratius
1149 2383 1324 2466 definieris,
1357 2381 1440 2446 nihil

297 2490 376 2574 fingi
408 2489 635 2574 periculosius,
667 2488 750 2554 nihil
780 2490 884 2574 magis
915 2489 1064 2573 putidum
1094 2511 1191 2574 quarn
1221 2488 1302 2554 illud
1334 2489 1441 2572 ipsum

298 2594 508 2679 comparendi
529 2594 670 2658 studium
688 2600 806 2679 potest.
840 2595 888 2661 Ac
911 2596 1015 2661 levius
1035 2599 1094 2680 est,
1117 2597 1202 2681 quod
1221 2596 1255 2661 in
1273 2595 1441 2661 hominum

298 2706 384 2768 certe
411 2701 486 2766 vitis
515 2703 741 2788 comparandis
769 2724 835 2768 non
865 2702 923 2768 illa
953 2703 1061 2788 potius
1092 2703 1267 2788 spectanda
1297 2702 1442 2786 dicimus,

299 2831 380 2893 quae
410 2808 447 2872 ad
478 2807 725 2874 similitudinem
754 2809 896 2893 aliquam
924 2809 1035 2874 referri
1059 2810 1199 2894 possint,
1232 2831 1329 2895 quam
1353 2811 1442 2894 ipsas

299 2915 504 2980 diversitates
533 2921 566 2981 et
592 2916 828 3000 discrepantias
858 2917 1017 2982 eruendas
1047 2921 1080 2982 et
1103 2916 1277 3002 diligenter
1299 2917 1385 2982 inter
1408 2938 1442 2980 se

300 3021 470 3088 distinctas
503 3029 615 3109 aperta
647 3023 681 3087 in
715 3023 786 3086 luce
818 3023 1032 3088 collocandas.
1084 3022 1170 3088 Nam
1203 3023 1283 3088 illud
1314 3022 1443 3107 quidem

300 3129 426 3194 nullam
448 3129 517 3194 fere
540 3129 640 3195 habet
658 3129 979 3214 commendationem,
1002 3129 1057 3194 sed
1075 3130 1265 3215 plerumque
1283 3130 1374 3195 lusus
1393 3134 1444 3195 est

301 3237 429 3322 quidam
454 3235 593 3320 ingenii3
618 3236 819 3301 fructuosum
844 3236 949 3301 solum
973 3240 1024 3301 est
1047 3237 1183 3300 alterum
1207 3257 1322 3321 genus,
1351 3237 1443 3320 unde,

301 3347 381 3428 quot
403 3364 561 3427 quamque
585 3341 726 3408 intense
750 3343 896 3409 diversae
919 3343 991 3409 viae
1015 3343 1284 3408 vitaehumanae
1307 3347 1443 3428 pateant

301 3451 437 3514 honeste
465 3450 643 3536 degendae,
675 3450 893 3535 intellegatur.
939 3450 984 3515 Et
1012 3455 1220 3534 perspexerat
1248 3450 1311 3515 hoc
1337 3451 1443 3516 ieme

302 3554 464 3620 veteribus
493 3556 536 3638 ie,
570 3557 660 3621 euius
688 3556 928 3623 nobilissimum
958 3561 1065 3622 exstet
1092 3558 1275 3641 exemplum
1304 3558 1444 3623 vitarum

303 3663 387 3727 inter
416 3685 450 3726 se
473 3667 749 3747 comparatorum,
781 3662 990 3748 Plutarchus,
1022 3665 1077 3748 qui
1101 3663 1292 3748 identidem,
1322 3687 1388 3731 non
1411 3663 1444 3728 id

303 3768 365 3834 sibi
389 3769 611 3852 explicandum
635 3768 751 3852 videri,
774 3769 891 3852 quibus
915 3769 992 3834 illae
1015 3771 1111 3835 rebus
1135 3777 1366 3856 congruerent,
1388 3772 1444 3836 sed

303 3877 419 3959 quibus
446 3876 625 3958 differrent,
657 3875 737 3940 scite
766 3875 971 3960 significavit.
1018 3874 1080 3940 Sed
1103 3877 1263 3961 gravioris
1287 3878 1444 3944 momenti

304 3985 406 4048 altera
429 3982 535 4046 cautio
560 3985 623 4064 est,
646 4003 727 4066 quae
751 4003 815 4047 non
839 3987 907 4047 tam
932 3985 1059 4066 spectat
1082 3982 1123 4047 ad
1147 3983 1356 4068 comparandi
1379 4007 1445 4049 mo-

304 4091 380 4154 dum
411 4112 507 4174 quem
537 4089 576 4152 ad
605 4089 774 4154 consilium
803 4090 1031 4174 comparentis.
1078 4089 1185 4174 Atque
1209 4091 1303 4155 eoin
1328 4113 1445 4176 genere

304 4219 368 4261 non
399 4216 570 4280 possumus
597 4216 664 4259 non
686 4197 801 4259 notare
825 4217 958 4278 pravam
983 4195 1250 4260 consuetudinem
1273 4197 1446 4281 quendam,

305 4323 387 4386 quae
410 4302 474 4366 <liei
497 4302 610 4386 nequit
633 4323 730 4386 quam
749 4306 782 4365 et
800 4305 977 4386 pervagata
996 4303 1040 4366 sit
1058 4305 1091 4367 et
1109 4301 1296 4386 perniciosa.
1320 4303 1445 4388 Quippe

305 4431 342 4472 eo
361 4409 428 4472 tere
447 4431 625 4492 propensos
644 4429 714 4472 esse
732 4408 900 4474 hominnm
920 4409 1045 4474 animos
1065 4409 1219 4492 ridemus,
1243 4411 1277 4472 ut
1296 4408 1445 4474 binorum

306 4513 474 4578 hominurn
497 4515 581 4580 inter
605 4537 639 4579 se
663 4515 1025 4600 comparationum,
1049 4519 1134 4581 uter
1156 4515 1233 4580 utri
1257 4519 1446 4601 praestet,
