3332 5074
536 395 799 449 222222210222
823 396 1026 450 PLAV'rlNAE.
1120 439 1127 454 .
1297 376 1361 447 417

305 543 420 612 Hostis
444 552 494 612 est
515 546 595 612 ocor
616 546 720 612 inuita
744 565 825 630 quae
849 544 890 609 cd
913 544 1019 609 uirum
1042 545 1179 628 nuptiim
1204 541 1312 608 datur:

218 689 335 773 quibus
368 687 444 753 addi
476 691 616 772 possunt
648 686 766 772 Amph.
794 686 824 771 Ι,
850 689 883 770 1,
906 685 957 752 68.
990 687 1041 751 74.
1077 685 1167 750 Asin.
1191 683 1231 767 V,
1253 687 1288 768 2,
1312 686 1363 750 77.

217 793 335 860 Bacch.
359 793 398 878 V,
422 795 452 878 2,
475 796 532 860 44:

306 926 432 1034 Deinde
456 939 590 1022 uterque
613 911 780 1019 iomerotor
802 936 836 1001 in
860 936 1001 1001 medium
1023 937 1150 1000 e'xeunt.

306 1044 486 1127 Imperator
508 1049 642 1128 uierque
665 1042 741 1108 hinc
765 1047 799 1108 et
821 1041 912 1107 illinc
935 1041 1015 1107 Ioui.

306 1150 403 1216 Modo
432 1172 530 1235 quom
558 1151 645 1215 dicte
674 1151 708 1214 in
735 1169 786 1214 me
813 1147 999 1234 ingerebas,
1032 1149 1154 1234 odium,
1187 1171 1252 1215 non
1284 1150 1364 1214 ocor

1071 1277 1167 1320 erem.

307 1363 411 1446 Tune,
442 1363 540 1428 homo
574 1362 700 1448 putide,
732 1363 854 1427 amato
885 1362 969 1426 istac
1001 1362 1071 1427 fieri
1104 1364 1210 1426 aetate
1243 1361 1363 1426 audes?

1070 1466 1137 1546 Qui
1157 1468 1245 1534 non?

219 1609 309 1698 (nem
340 1611 501 1696 probandi
535 1612 598 1676 vim
631 1613 757 1677 nullam
779 1612 874 1696 Epid.
899 1611 937 1695 V,
964 1613 990 1695 1,
1015 1611 1058 1676 50
1081 1611 1195 1694 hebet,
1233 1609 1362 1674 dubiam

217 1717 314 1784 Mero.
337 1717 393 1804 IV,
416 1719 447 1803 4,
470 1719 526 1784 6οε

306 1857 445 1946 Sequere
474 1860 535 1925 hoo
563 1883 614 1925 me
639 1863 734 1926 scro‘r.
779 1859 846 1926 ΕΡ.
873 1862 947 1946 Ego
978 1862 1019 1926 ed
1046 1883 1106 1926 uos
1129 1858 1362 1944 Thesprionem

1070 1967 1212 2032 iiiecero:

292 2075 407 2153 Vmor,
429 2073 509 2139 heus
534 2096 623 2157 uxor,
646 2076 844 2161 quemquem
868 2077 906 2138 tu
927 2073 1038 2139 ireti's
1063 2072 1171 2157 mihiz)

219 2215 382 2281 addendus
411 2215 474 2280 erit
497 2217 610 2300 eciam,
640 2221 677 2281 ut
699 2239 768 2301 cep.
791 2214 853 2280 XV
879 2217 921 2299 [p.
946 2232 1076 2280 ccxxix
1101 2212 1208 2300 (463)]
1233 2214 1365 2298 docebo,

218 2321 401 2387 Trinummi
424 2345 452 2388 v.
479 2323 564 2388 1016
587 2325 634 2388 sic
657 2323 764 2387 verbis
788 2322 905 2388 leniter
928 2321 1149 2406 transpositis:

307 2463 499 2549 Girguliost
520 2466 676 2544 coercitor,
699 2464 726 2529 is
746 2463 911 2529 hominem
930 2462 1052 2550 hunc*)
1072 2465 1238 2529 curcurim
1257 2464 1363 2530 docet:

218 2605 274 2670 sed
297 2627 337 2670 ne
361 2606 399 2671 de
425 2607 489 2671 illis
509 2606 638 2691 quidem
658 2607 759 2672 ullam
778 2605 949 2671 dubitandi
968 2628 1117 2672 caussam
1136 2606 1228 2672 video
1248 2605 1364 2673 Bacch.

218 2709 242 2794 1,
262 2711 293 2795 2,
314 2713 363 2777 15.
391 2711 483 2798 cept.
502 2713 559 2798 iv,
578 2714 608 2796 2,
627 2714 657 2778 2.
684 2712 782 2798 Epid.
800 2712 858 2798 111,
879 2713 908 2797 2,
928 2714 981 2778 35.
1007 2712 1127 2798 Amph.
1146 2713 1172 2796 1,
1192 2713 1222 2796 3,
1241 2714 1297 2779 50:

307 2853 469 2920 Istciltior
492 2855 688 2921 eebcirbero
712 2854 845 2922 Potitio.

308 2959 413 3024 Tanto
438 2963 483 3026 mi
506 2961 675 3046 aegritido
698 2963 818 3026 auctior
840 2965 890 3026 est
912 2962 944 3026 in
968 2963 1086 3028 inimo.

313 3065 472 3131 Vorsu'tior
495 3089 529 3132 es
552 3068 649 3151 quem
672 3072 746 3132 roto
767 3068 920 3152 figulcrie.
956 3066 1026 3134 Iam
1051 3089 1111 3154 ego
1135 3067 1266 3153 perebo.

307 3156 415 3259 Atque
440 3178 562 3259 quanto
586 3175 649 3238 nox
672 3173 763 3238 fuisti
786 3175 905 3256 zonyior
926 3174 987 3240 hec
1010 3175 1184 3258 proxuma:

219 3313 310 3401 (nam
339 3337 378 3380 ex
401 3316 491 3380 Asin.
514 3314 578 3398 III,
601 3317 636 3398 2,
662 3318 699 3380 11
730 3316 812 3380 nihil
841 3317 1062 3399 consequitur,
1094 3315 1150 3380 ubi
1175 3317 1287 3396 fortior
1315 3322 1365 3380 est

218 3423 254 3485 in
281 3443 413 3486 caesura
440 3421 570 3486 iambici
598 3422 798 3507 septenarii).
843 3422 968 3488 Verum
997 3423 1128 3508 egregio
1152 3423 1292 3488 Acidalii
1315 3423 1362 3488 in·
1377 3445 1497 3487 ccxxv1

222 3531 316 3594 vento
337 3525 438 3614 (quod
457 3529 580 3613 possim
593 3526 710 3593 Naevii
730 3549 866 3614 quoque,
889 3527 988 3593 Ennii
1012 3532 1108 3612 etque
1128 3530 1207 3594 adeo
1222 3527 1363 3615 Vergilii

221 3655 283 3698 usu
306 3635 511 3718 confirmare,
534 3634 599 3699 nisi
622 3635 716 3700 unius
740 3656 792 3700 me
815 3633 925 3698 Plauti
948 3634 1067 3700 finibus
1092 3637 1240 3702 consulto
1265 3637 1365 3702 conti-

219 3737 329 3826 neam)
353 3762 427 3806 oum
451 3740 532 3806 alios
555 3745 626 3806 tum
648 3743 757 3828 ipsum
783 3763 853 3806 esse
877 3743 995 3807 ebunos
1016 3743 1174 3825 existimo,
1197 3767 1270 3809 cum
1290 3767 1364 3808 een-

221 3847 292 3912 dem
311 3848 557 3932 productionem
577 3850 677 3913 etiem
696 3848 736 3913 ed
751 3848 923 3914 verborum
941 3848 1063 3915 formes
1083 3850 1245 3935 quaslibet
1263 3857 1366 3916 trans-

218 3955 376 4039 tulerunt,
404 3959 440 4018 ut
464 3957 569 4037 loquor
587 3956 689 4037 fateor
711 3976 814 4021 moror
836 3954 997 4022 machinor
1005 3955 1066 4042 **).
1107 3955 1247 4021 Videtur
1269 3956 1301 4020 id
1326 3956 1365 4020 de

220 4083 259 4125 or
277 4061 404 4145 syllaba
427 4062 665 4127 concedendum
684 4085 762 4148 esse,
786 4067 823 4127 ut
841 4085 923 4148 quae
942 4064 1075 4148 longam
1094 4063 1239 4128 vocalem
1259 4067 1365 4128 servet

219 4169 254 4232 in
277 4169 390 4233 ceteris
413 4169 560 4252 personis
591 4169 674 4252 loyor
697 4169 809 4252 leyorie
832 4170 948 4253 leqotur
970 4169 1076 4252 leceris
1100 4170 1223 4252 leyetur:
1252 4191 1365 4275 parem

309 4341 334 4412 ⁴³)
355 4343 400 4414 [In
418 4343 461 4399 ed.
481 4341 529 4398 alt.
549 4342 720 4399 Riiccheliuc
738 4345 810 4399 hunc
828 4359 884 4398 non
901 4342 1087 4414 henepocuit,
1110 4343 1161 4398 ced
1178 4343 1284 4399 delevit
1301 4345 1365 4402 coll.

219 4449 245 4486 v.
264 4437 315 4487 851
328 4449 368 4500 eq.
390 4437 441 4487 861
462 4432 523 4500 (ubi
540 4432 605 4488 vide
623 4433 789 4504 annotatam

291 4519 333 4590 ⁸²)
353 4519 407 4590 [cf.
427 4519 529 4590 Opucc.
549 4521 618 4590 phil.
636 4523 663 4576 II
682 4539 709 4591 p.
729 4521 802 4591 641]

275 4627 314 4660 cn.
335 4627 485 4664 meconion
505 4627 642 4664 omem
662 4629 687 4664 v.
1117 4617 1150 4665 27
