3318 5072
552 408 816 456 uuuuusulonrs
841 409 1046 455 Punvrrunu.
1212 382 1214 388 Ι
1312 392 1378 454 505

323 551 539 636 Posteaquam
568 552 688 636 dactyli
717 551 749 616 iu
779 551 953 616 trochaicis
983 573 1077 616 usum
1101 551 1146 614 sic
1171 551 1218 616 uti
1242 550 1304 616 feci
1328 571 1379 616 ex·

232 659 368 742 plicavi,
400 661 434 724 et
460 658 588 742 planius
619 663 651 724 at
678 659 806 744 planius
834 661 1038 744 perspectum
1067 659 1107 722 iri
1131 661 1210 742 puto
1234 679 1315 742 quae
1340 657 1378 723 de

234 765 435 852 anapaesti
458 765 493 830 in
516 765 700 830 iambicis
725 787 784 830 usu
810 765 944 831 dicenda
962 770 1095 830 restant.
1128 765 1250 830 Rursus
1270 769 1378 830 autem

232 872 293 936 hac
313 893 495 956 quoquere
515 871 650 937 mirifice
669 871 873 957 comprobari
893 873 1153 956 conformarique
1173 871 1378 958 cognationis

233 979 393 1044 rationem
428 978 517 1043 illam
552 979 689 1064 senties,
726 1001 825 1064 quam
858 1001 927 1064 cap.
951 978 1012 1044 XV
1044 979 1261 1044 demonstravi
1294 979 1378 1044 inter

233 1084 406 1151 iambicum
436 1087 599 1150 senarium
628 1087 910 1171 septenariumque
938 1086 1140 1152 trochaicum
1168 1086 1376 1151 intercedere.

234 1191 389 1257 Abscissa
423 1193 509 1258 enim
544 1193 719 1278 septenarii
752 1193 873 1278 capite,
910 1193 995 1278 quod
1032 1193 1149 1258 cretico
1181 1193 1377 1278 continetur,

233 1322 315 1385 quae
339 1299 533 1385 relinquitur
555 1321 631 1384 pars
651 1299 813 1364 senarium
834 1321 983 1385 aequans,
1005 1299 1039 1363 in
1058 1321 1105 1382 ea,
1129 1321 1210 1384 quae
1229 1299 1377 1385 legitima

233 1427 395 1471 caesura
423 1407 597 1491 septenarii
621 1407 697 1491 fuit,
726 1406 874 1491 legitima
901 1407 939 1470 fit
966 1405 1292 1492 penthemimeres
1319 1429 1377 1471 se-

232 1513 349 1597 narii,
377 1513 455 1578 item
480 1537 560 1600 quae
584 1514 744 1600 bisyllaba
767 1513 870 1580 thesis
893 1513 927 1578 iu
950 1517 1065 1599 quarto
1089 1514 1169 1597 pede
1193 1514 1377 1598 septenarii,

233 1620 396 1706 bisyllaba
420 1622 586 1688 anacrusis
609 1621 643 1686 iu
667 1621 763 1686 tertio
783 1621 899 1686 senarii
919 1621 1008 1705 pede.
1040 1619 1132 1696 Quod
1152 1619 1281 1706 quidem
1300 1621 1377 1686 licet

234 1727 294 1792 hac
318 1727 422 1814 figura
445 1729 621 1794 declarare:

231 2245 411 2330 Legitimae
436 2249 544 2309 autem
568 2266 767 2327 caesurae,
795 2247 832 2308 ut
854 2243 931 2308 hinc
954 2243 1076 2328 ordiar,
1104 2241 1375 2327 quemadmodum

233 2352 369 2418 vicarias
394 2351 596 2436 septenarius
620 2371 675 2414 eas
699 2350 831 2433 ascivit,
855 2371 936 2434 quae
960 2350 1001 2414 ab
1025 2353 1161 2434 utreque
1185 2353 1276 2434 parte
1300 2349 1377 2413 vici·

233 2481 293 2524 nas
317 2459 365 2522 illi
390 2459 480 2524 sedes
504 2461 711 2542 occuparent,
733 2458 780 2522 ita
803 2455 936 2526 eandem
960 2457 1118 2522 rationem
1139 2455 1285 2522 senarius
1304 2477 1376 2522 cum

233 2567 343 2651 aliquo
370 2569 627 2651 temperamento
656 2568 785 2631 secutus
814 2569 878 2648 est,
910 2564 995 2648 quod
1025 2587 1063 2628 ex
1092 2564 1163 2649 ipsa
1191 2563 1377 2628 diversitate

234 2675 401 2759 utriusque
425 2697 536 2738 versus
560 2673 795 2737 consectarium
819 2673 890 2737 fuit.
923 2671 1008 2762 Nam
1033 2694 1103 2736 cum
1129 2675 1203 2736 aute
1227 2669 1377 2755 semiqui-

235 2782 359 2847 nariam
389 2782 470 2846 nihil
496 2781 669 2868 impediret
692 2780 865 2867 quominus
894 2802 1026 2846 caesura
1053 2783 1144 2863 post
1171 2777 1376 2866 secundum

235 2887 402 2953 iambum
427 2889 530 2954 lieret:

553 3029 1067 3096 -υ..Ιυ.ὐ-Ιυ.ὐ-υ.’κ’-,

237 3159 348 3218 tamen
381 3154 465 3219 idem
498 3179 563 3220 una
594 3161 667 3238 post
695 3155 786 3221 illam
815 3157 942 3241 syllaba
969 3156 1038 3220 fieri
1068 3155 1152 3220 ratio
1180 3153 1286 3219 vetuit
1314 3175 1379 3238 qua

235 3282 440 3326 caesurarum
459 3262 667 3326 stichicarum
686 3261 776 3348 (nam
795 3263 834 3328 da
853 3263 977 3348 podicis
996 3285 1080 3328 nunc
1100 3284 1164 3326 nou
1183 3258 1313 3346 loquor)
1333 3261 1379 3324 iu·

237 3369 389 3434 stitutum
412 3390 508 3433 omne
532 3369 664 3452 regitur.
710 3369 932 3444 Quibuscum
962 3370 993 3434 id
1018 3367 1170 3452 consequi
1195 3390 1249 3432 ars
1272 3367 1381 3450 vellet,

235 3477 271 3538 ut
293 3474 480 3559 longiorum
504 3475 678 3559 eodemque
702 3497 837 3540 numero
860 3475 1099 3540 decurrentium
1123 3497 1272 3540 versuum
1297 3480 1378 3540 tam·
1393 3497 1529 3537 cccxxxr

235 3603 333 3664 quam
362 3581 466 3645 solido
496 3604 631 3668 corpore
658 3582 810 3656 bifariam
839 3580 1011 3647 articulato
1036 3583 1203 3647 varietatis
1233 3581 1377 3647 suavitas

236 3709 253 3752 e
277 3687 438 3752 similibus
459 3688 512 3752 sed
533 3687 654 3754 eisdem
673 3687 899 3772 inaequalibus
918 3685 1065 3771 partibus
1084 3691 1283 3754 nasceretur:
1308 3710 1377 3773 scp-

235 3794 380 3859 teuarius
405 3795 549 3879 quidem,
579 3795 693 3880 utqui
717 3795 834 3880 impari
858 3816 992 3860 numero
1016 3793 1217 3879 syllabarum
1243 3797 1378 3870 constet,

234 3901 348 3984 quovis
372 3901 443 3966 loco
467 3900 566 3965 dividi
592 3901 660 3966 eine
686 3902 852 3967 varietatis
877 3901 1070 3966 detrimento
1094 3903 1210 3986 potuit,
1234 3901 1379 3964 senarius

235 4029 298 4072 uno
327 4006 385 4072 illo
414 4008 485 4072 loco
514 4029 578 4074 non
610 4009 719 4092 potuit
749 4009 803 4093 qui
838 4007 1006 4093 proximus
1039 4012 1090 4072 est
1121 4013 1197 4092 post
1228 4007 1379 4090 semiqui-

237 4113 361 4177 nariam
395 4135 569 4179 caesuram.
615 4113 722 4198 Igitur
754 4115 816 4180 sibi
850 4117 1002 4180 constans
1037 4136 1090 4178 ars
1122 4114 1163 4178 ad
1196 4112 1379 4196 proximam

236 4220 311 4300 post
333 4218 426 4284 illam
450 4218 609 4304 syllabam
633 4240 808 4305 progressa
831 4219 1195 4305 semiseptenariam
1220 4219 1379 4303 probavit,
1437 4211 1441 4220 ¹

236 4429 283 4482 sed
303 4429 398 4484 uetera
416 4445 491 4498 rape,
506 4429 590 4494 trote,
608 4429 682 4498 satyr,
702 4430 756 4484 late
774 4431 898 4486 scribens
918 4427 1199 4501 proceleusmaticum
1218 4432 1285 4502 rope
1303 4431 1380 4487 trahe

236 4517 334 4575 dedita
352 4534 438 4588 opera
455 4535 473 4572 a
489 4520 576 4588 poeta
593 4517 751 4587 quaesitum
770 4519 903 4590 putavit]
