3338 5072
293 416 358 483 380
500 487 511 510 ι
577 431 841 481 raonusouars
865 432 911 478 ne
935 431 1147 482 RATIOMBVS

293 582 327 643 et
353 577 514 643 sententia
543 581 576 642 et
600 597 674 642 vero
697 597 849 641 versuum
873 577 1074 661 computatio
1098 575 1274 661 deperditis
1298 574 1436 641 Ambro-

294 685 379 751 siani
406 682 602 750 membranis
632 682 948 768 comprehensorum.
994 683 1087 750 Nihil
1115 679 1256 749 editores
1285 682 1436 748 viderunt

293 791 597 877 mmuam

382 931 445 1000 sed
468 937 572 1002 amica
594 956 667 1001 mea
690 940 731 1025 et
745 941 803 1002 tua
820 937 897 1003 dum
920 937 1028 1021 comit,
1051 936 1128 1001 ddm
1152 957 1186 1001 se
1209 937 1354 1018 exornat,
1377 933 1436 997 nds

1143 1042 1218 1108 uolo

382 1148 505 1215 Tamen
532 1150 642 1215 ludere
669 1150 756 1216 inter
782 1172 852 1217 nos:
888 1155 1069 1235 strategum
1096 1152 1129 1215 td
1157 1149 1241 1215 facio
1265 1149 1339 1214 huic
1363 1169 1436 1212 eon·

1143 1278 1246 1322 ormo:

292 1399 349 1465 ubi
379 1422 442 1465 uno
473 1399 580 1466 deleto
610 1405 724 1479 tamen,
756 1365 841 1485 duod
872 1423 892 1466 e
919 1425 947 1468 v.
975 1403 1014 1468 13
1044 1401 1204 1466 invectum
1234 1402 1285 1464 est
1307 1400 1437 1482 praeter

291 1506 452 1572 rationem
471 1507 661 1590 sententiae,
681 1509 791 1573 omnia
810 1509 998 1593 expedieris.
1030 1508 1200 1574 Postremo
1219 1507 1273 1591 qui
1293 1505 1433 1589 aliquem

292 1635 423 1678 sensum
452 1614 679 1682 concinnitatis
702 1614 836 1698 habeat,
863 1638 930 1681 non
958 1615 1110 1681 admittet
1138 1615 1253 1699 opinor
1276 1633 1332 1678 nos
1354 1613 1435 1678 inter

291 1719 374 1786 olicis
396 1719 492 1786 Poen
516 1719 556 1804 V,
580 1722 614 1805 4,
638 1721 695 1806 22,
727 1721 783 1786 sed
805 1721 974 1788 lenissima
995 1722 1250 1806 transpositione
1273 1719 1369 1784 metri
1392 1720 1435 1784 le·

290 1827 387 1915 gibus
411 1827 458 1894 sic
481 1827 638 1893 consulet:

359 1968 450 2036 Siedt
473 1992 533 2037 nos
556 1969 653 2036 hodie
676 1971 760 2037 inter
784 1972 865 2038 alias
889 1969 1113 2056 praestitimus
1136 1969 1363 2057 pulcritudine.

379 2112 525 2197 Brevius,
549 2113 577 2178 si
600 2117 745 2198 potuero,
769 2116 937 2181 absolvam
962 2119 1078 2198 cetera,
1101 2117 1274 2198 postquam
1294 2113 1375 2177 satis
1398 2117 1436 2177 ut

290 2223 370 2304 puto
400 2241 463 2286 uno
493 2220 642 2304 exemplo
669 2218 789 2306 patuit,
822 2244 920 2307 quam
949 2222 1083 2307 longum
1111 2222 1155 2286 sit
1176 2222 1210 2286 in
1233 2195 1296 2286 hot
1319 2241 1435 2307 genere

291 2326 422 2411 singula
450 2326 619 2392 exhaurire
648 2349 722 2392 eum
749 2329 940 2413 pulvisculo.
987 2328 1034 2392 Ac
1062 2327 1100 2392 de
1128 2347 1252 2410 nempe
1274 2326 1435 2411 particula

291 2433 354 2498 etsi
382 2436 416 2497 et
442 2437 531 2499 certa
559 2456 609 2499 res
634 2437 684 2498 est
707 2438 741 2499 et
763 2435 877 2500 crebra
901 2435 1061 2519 exempla,
1093 2440 1204 2500 tamen
1227 2433 1434 2499 Trinummus

291 2538 419 2624 quidem
446 2560 512 2606 non
545 2545 714 2628 quattuor,
744 2564 825 2627 quae
854 2543 995 2627 videtur,
1023 2543 1079 2609 sed
1107 2564 1207 2607 unum
1230 2544 1358 2607 tantum
1381 2561 1434 2604 nc-

292 2646 416 2732 glectae
440 2647 613 2731 positionis
632 2650 814 2733 exemplum
830 2654 980 2734 praestat
997 2651 1101 2715 alat
1127 2649 1244 2732 Nempe
1265 2647 1343 2730 preda
1364 2667 1432 2730 spo-

285 2754 397 2836 pondi:
422 2753 561 2819 alterum
581 2776 609 2821 r.
625 2756 699 2840 328,
718 2756 803 2842 quod
823 2757 888 2821 iam
908 2779 937 2841 p.
952 2774 1034 2821 nxvr
1046 2757 1139 2838 [324]
1158 2755 1337 2841 tetigimus,
1360 2775 1432 2819 cum

163 2877 275 2918 oxxxn
289 2859 506 2926 Ambrosiano
530 2862 732 2928 sustulimus:
756 2863 889 2927 tertium
911 2885 939 2927 v.
966 2863 1029 2929 196
1057 2863 1163 2945 nctepe
1185 2864 1272 2946 opud
1293 2861 1360 2940 test,
1383 2861 1434 2925 cui

289 2969 440 3051 quartum
459 2969 572 3032 nostra
591 2969 776 3034 coniectura
794 2969 930 3034 accessit
948 2992 976 3034 v.
987 2970 1027 3033 61
1041 2969 1112 3051 [60]
1132 2990 1237 3051 campe
1254 2969 1350 3053 enim,
1368 2990 1434 3034 non

288 3072 373 3139 hanc
396 3073 505 3158 potius
529 3073 652 3140 habent
674 3097 771 3160 quam
795 3076 894 3140 aliam
918 3075 1080 3160 quandam
1103 3075 1283 3157 licentiam,
1306 3075 1345 3140 de
1369 3095 1434 3159 qua

289 3202 348 3246 suo
371 3180 443 3246 loco
468 3179 601 3264 dicetur.
621 3218 663 3227 -
687 3181 857 3247 Postremo
880 3182 919 3247 de
942 3183 1060 3248 tranis
1081 3203 1148 3247 non
1171 3186 1222 3247 est
1244 3182 1312 3247 ullo
1337 3180 1433 3246 modo

288 3287 511 3354 dubitandum.
557 3285 689 3354 (lartum
720 3292 771 3353 est
799 3289 835 3353 iu
864 3289 1054 3354 Trinummo
1086 3288 1268 3372 exemplum
1299 3310 1327 3353 v.
1358 3286 1434 3369 621,

290 3394 385 3479 quem
409 3394 524 3460 misere
548 3393 760 3478 pessumdant
783 3396 838 3480 qui
861 3395 956 3460 aliter
979 3416 1075 3480 quam
1099 3395 1147 3459 sic
1169 3393 1359 3458 metiuntur:

378 3533 465 3612 Quoi
485 3539 576 3602 tuam
600 3558 698 3622 quom
721 3539 789 3602 re'm
813 3536 995 3619 credideris,
1018 3535 1125 3622 sine*)
1149 3536 1237 3602 omni
1261 3557 1337 3600 cura
1361 3534 1432 3600 dor-

1139 3663 1238 3708 mres:

290 3772 388 3854 atque
420 3768 505 3833 hanc
537 3768 644 3853 ipsam
678 3768 925 3835 collocationem
959 3768 1131 3833 verborum
1161 3763 1236 3851 (pro
1263 3767 1330 3831 sinc
1357 3787 1433 3831 earo

289 3873 388 3960 mma)
411 3877 443 3938 ct
466 3872 698 3940 Terentianum
722 3874 801 3940 illud
824 3879 935 3939 tuetur
958 3873 1059 3939 Andr.
1082 3872 1123 3959 11,
1138 3874 1168 3959 3,
1185 3874 1224 3938 17
1249 3873 1325 3940 Sine
1347 3873 1434 3937 imni

283 3981 407 4065 per-tolo,
431 3985 464 4045 et
487 3981 556 4066 ipse
578 3980 715 4047 Plautus
739 3981 812 4046 Aul.
834 3980 891 4064 IV,
912 3982 940 4064 1,
958 3981 1014 4045 20:

377 4123 474 4190 Ndnc
497 4125 566 4190 sine
590 4125 677 4190 omni
701 4122 882 4209 suspitione
906 4123 939 4188 in
963 4125 1020 4187 sira
1043 4121 1096 4188 hic
1119 4121 1266 4188 adsidam
1290 4143 1390 4188 sacra.

289 4266 456 4332 Accedunt
478 4287 545 4332 non
567 4266 675 4331 minus
700 4269 787 4330 certa
810 4266 885 4350 alia,
907 4265 1028 4350 partim
1051 4287 1068 4330 e
1092 4285 1241 4330 ramnum
1264 4264 1431 4350 principiis

289 4377 326 4436 ut
347 4371 430 4437 Rud.
453 4373 478 4456 l,
503 4375 532 4456 1,
555 4373 584 4438 5.
621 4371 659 4455 V,
685 4373 713 4455 1,
736 4371 770 4437 5:

289 4497 500 4508 -ψ

396 4547 421 4615 ')
441 4545 496 4618 [of.
517 4546 618 4616 Opnsc.
637 4545 707 4616 phil.
726 4547 765 4600 lll
784 4563 810 4615 p.
832 4552 881 4602 131
902 4548 931 4602 et
949 4545 1040 4600 Trina
1058 4563 1121 4601 ann.
1140 4545 1177 4601 ad
1195 4564 1221 4601 r.
1240 4545 1315 4616 621]
