3332 5074
301 421 366 486 422
591 433 854 482 euonseousnu
877 433 924 480 os
947 431 1156 480 rumorumve

389 579 486 644 Nunc
513 579 579 642 iam
608 578 751 642 animum
778 575 840 639 huo
869 597 994 660 omnes,
1020 578 1103 662 quae
1130 541 1258 659 loouar,
1287 575 1447 640 adudrtite

301 703 411 769 nescio
435 725 476 768 an
500 703 627 768 defendi
651 701 757 788 possit
778 702 932 784 hecquae
956 701 1065 783 loqurm
1088 700 1210 765 dictum
1233 722 1292 785 pro
1316 701 1359 766 ud
1375 699 1447 765 haec

301 831 380 893 quoe
404 811 525 892 loquor:
549 810 635 894 quod
659 811 688 873 si
710 807 794 873 nihil
817 808 869 886 sit,
893 808 998 872 deleto
1022 827 1125 872 omnes
1148 807 1247 872 scribi
1270 806 1391 890 poterit

391 932 486 998 Nunc
513 933 579 997 iam
606 932 749 996 animum
777 931 841 996 huc
863 931 904 996 ad
932 953 982 1014 ea,
1013 953 1094 1016 quae
1119 931 1249 1016 loquar,
1273 929 1447 995 adudrtite:

303 1081 379 1124 nam
403 1059 547 1125 omnium
571 1057 703 1122 minime
726 1057 923 1141 placiturum
947 1058 991 1121 sit

391 1181 488 1248 Nunc
507 1183 570 1248 iam
596 1188 707 1250 omnes
732 1183 876 1248 animum
900 1182 940 1246 ad
963 1184 1001 1246 e'a
1024 1204 1105 1267 quae
1134 1182 1250 1266 loquar
1278 1180 1448 1245 aduertite.

305 1325 382 1392 Sine
402 1327 490 1391 omni
510 1331 617 1390 autem
636 1325 840 1391 dubitatione
853 1324 934 1390 haec
949 1329 1025 1390 sunt
1040 1325 1158 1408 Amph.
1171 1323 1213 1408 ll,
1230 1325 1257 1408 1,
1271 1324 1302 1387 9.
1318 1321 1356 1404 V,
1375 1323 1401 1404 1,
1415 1322 1448 1385 4:

394 1467 518 1533 Tamen
542 1467 619 1552 quin
644 1467 754 1550 uquur
777 1468 856 1532 haec
879 1463 930 1530 utr‘
951 1466 1038 1531 facta
1061 1469 1138 1530 adut
1161 1466 1223 1532 hio.

393 1573 463 1638 Iam
494 1582 529 1641 ut
557 1574 730 1656 opprimar,
761 1576 798 1636 ut
827 1572 960 1638 enicem·
975 1595 1025 1636 me
1054 1570 1219 1655 miseram,
1249 1571 1326 1657 quid
1354 1592 1449 1656 agam

944 1701 1060 1744 nescio.

306 1825 429 1902 Quibus
452 1845 547 1908 nunc,
570 1829 742 1910 postquam
767 1825 805 1888 de
828 1824 1040 1906 productione
1064 1824 1144 1888 satis
1167 1827 1310 1908 constat,
1333 1823 1449 1888 addere

306 1936 422 2015 suapte
445 1933 563 1996 natura
587 1930 777 2015 ambiguum
801 1929 983 2012 exemplum
1007 1929 1118 1993 licebit
1142 1929 1237 1994 Poen.
1261 1929 1300 2013 V,
1324 1932 1353 2014 6,
1377 1931 1410 1994 4:

395 2073 442 2137 Vt
464 2075 515 2140 me‘
540 2073 742 2158 suspendam,
767 2094 807 2138 nc
830 2074 960 2138 dddc'cur
983 2073 1202 2159 Agorastocli:

306 2238 421 2300 parum
449 2216 534 2280 enim
562 2217 692 2300 elegans
720 2216 770 2280 vel
799 2217 909 2299 potius
937 2215 1087 2280 horridus
1116 2214 1177 2279 iste
1201 2215 1245 2279 sit
1267 2215 1451 2281 tribrachus

307 2345 345 2387 cx
368 2323 510 2387 uddfcdr
531 2323 598 2405 ἄρὸ
621 2323 829 2405 compositus.
874 2321 936 2387 Sed
962 2321 1158 2386 Menaechm.
1180 2321 1222 2404 Il,
1246 2323 1275 2406 3,
1301 2323 1342 2386 10
1365 2327 1452 2388 recte

307 2432 344 2492 ut
371 2429 499 2492 videtur
526 2428 732 2493 Hermannus
760 2427 864 2492 Elem.
888 2429 988 2493 doctr.
1012 2433 1104 2493 metr.
1127 2450 1157 2511 p.
1181 2427 1246 2492 395
1270 2429 1451 2514 anapaesti·

307 2557 381 2600 cum
409 2535 573 2618 discripsit
599 2557 682 2600 nuuc
709 2537 778 2600 euru
806 2535 909 2618 adibo,
934 2535 1079 2617 alloquar
1101 2535 1192 2599 ultro
1216 2571 1257 2582 -—
1280 2534 1351 2599 Iam
1374 2556 1450 2601 vero

308 2641 423 2706 melius
452 2642 566 2725 opinor
593 2641 782 2725 perspicies,
811 2662 908 2725 quam
938 2642 1120 2726 corrigendi
1149 2662 1247 2725 opera
1275 2642 1305 2706 ei
1328 2663 1451 2708 succes-

308 2748 401 2831 serit,
428 2748 483 2832 qui
511 2747 588 2812 dum
616 2769 650 2812 se
679 2747 749 2811 vult
771 2747 918 2812 criticum
942 2747 1067 2830 haberi,
1095 2748 1181 2813 huno
1203 2749 1236 2812 in
1260 2747 1451 2814 Trinummo

308 2855 428 2920 bellum
451 2837 648 2919 versiculum
671 2855 737 2918 540
759 2853 923 2937 procudit:

397 2995 475 3062 Sues
500 2997 620 3081 angina
642 2997 825 3062 moriuntur
847 2993 1020 3062 acerrume.

398 3137 485 3204 Satis
509 3144 589 3224 puto
614 3139 773 3224 apparuit,
796 3138 877 3203 nihil
897 3138 958 3203 sibi
978 3140 1146 3222 proprium
1163 3140 1283 3206 habere
1301 3145 1451 3206 naturam

308 3267 326 3308 r
353 3246 483 3310 litterae
511 3245 633 3329 finalis,
660 3267 724 3329 quo
751 3265 961 3330 praegressae
989 3245 1109 3310 vocalis
1138 3247 1281 3312 brevitas
1309 3248 1453 3314 intende·

309 3355 409 3416 ratur.
444 3350 513 3417 Nec
536 3353 640 3436 magis
659 3351 692 3415 id
711 3353 744 3416 in
764 3351 845 3416 alias
864 3354 1078 3417 consonantes
1098 3353 1192 3418 cadit
1230 3353 1350 3430 Quodsi
1367 3357 1454 3436 sums

307 3458 416 3538 scocris
442 3458 599 3542 producta
625 3457 742 3522 ultima
769 3461 924 3541 usurpata
947 3465 1032 3543 sunt,
1061 3464 1175 3525 contra
1198 3463 1295 3544 atque
1319 3462 1353 3526 in
1373 3461 1454 3543 sacis
1490 3470 1495 3486 '

165 3591 296 3630 cuxxxrr
310 3564 416 3644 facitis
441 3563 555 3644 fecistis
582 3565 702 3629 umatus
729 3564 864 3642 factum,
892 3586 930 3628 ex
959 3565 1062 3648 ipsius
1090 3566 1209 3630 vocalis
1232 3573 1350 3631 natura
1373 3567 1454 3632 illud

207 3719 215 3730 ,
310 3668 433 3753 pariter
460 3673 557 3752 atque
585 3669 619 3734 in
645 3670 723 3735 uelis
748 3672 793 3736 sis
819 3671 883 3736 ulis
909 3671 980 3735 duis
1007 3691 1090 3735 omes
1121 3673 1203 3754 layas
1231 3672 1306 3756 loyes
1338 3674 1454 3758 leyercs,

311 3781 408 3860 atqm
431 3775 512 3840 adeo
536 3776 570 3840 in
593 3777 703 3858 loqucu
724 3798 824 3842 morer
842 3778 946 3862 repeti
965 3781 998 3842 et
1016 3778 1101 3844 ratio
1120 3779 1209 3863 cogit
1228 3785 1260 3843 et
1277 3780 1454 3863 productae

310 3885 480 3950 dixerimus
502 3884 643 3948 diceritis
665 3884 789 3949 formae
817 3885 930 3949 iubent
954 3884 1159 3970 antiquitatis
1183 3887 1341 3971 propriae.
1386 3886 1454 3953 Nec

310 3990 555 4074 productionem
583 3989 691 4074 potius
721 3995 733 4052 t
758 3989 869 4053 littera
891 3989 1002 4054 finitae
1030 3991 1143 4056 breves
1171 3993 1330 4077 syllabae,
1357 4017 1452 4079 quam

311 4097 390 4160 item
412 4097 564 4181 primitus
587 4096 761 4181 productae
780 4097 1016 4180 correptionem
1035 4119 1149 4181 passae
1169 4104 1253 4164 sunt.
1286 4099 1371 4166 Nam
1390 4101 1454 4166 nisi

312 4226 385 4268 mea
408 4225 459 4268 me
483 4203 670 4269 coniectura
690 4203 741 4267 vel
767 4204 876 4287 potius
899 4205 1108 4270 ratiocinatio
1133 4205 1226 4289 fallit,
1249 4206 1345 4291 idem,
1369 4207 1455 4292 quod

312 4309 346 4375 in
373 4309 514 4393 primam
545 4312 578 4373 et
607 4308 795 4393 secundam,
831 4311 928 4374 etiam
956 4311 991 4374 in
1020 4310 1151 4376 tertiam
1180 4334 1351 4396 personam
1379 4335 1455 4381 con-

313 4415 530 4480 iunctivorum
553 4414 648 4479 cadit.
694 4413 786 4478 Vnde
809 4415 948 4480 efficitur
971 4415 1073 4481 multo
1098 4417 1197 4481 latius
1220 4421 1345 4502 patere,
1370 4420 1453 4504 quod

313 4541 377 4584 non
401 4542 532 4603 prorsus
551 4521 638 4605 fugit
656 4523 895 4606 grammaticos,
918 4527 954 4586 ut
973 4521 1134 4606 Boppium
1154 4523 1297 4588 Gramm.
1316 4545 1455 4608 compar.
