3318 5072
526 430 801 478 uuuuoarrours
827 431 1032 478 parvuinus.
1297 417 1358 480 491

213 572 295 654 aad
320 572 423 655 trabes,
452 597 486 638 se
516 577 648 638 tuantur
676 521 827 638 item⁸ab
854 574 949 638 initio
977 596 1088 638 versus
1117 575 1226 660 posita
1254 577 1288 639 u't
1317 577 1362 640 ito

214 704 242 744 v.
266 682 331 745 343
358 685 390 744 et
417 682 452 744 u't
478 703 553 764 apro
576 703 604 745 v.
628 682 709 746 616:
737 702 796 764 pro
825 681 941 764 quibus
970 703 1167 766 qumquam
1191 683 1285 746 facile
1310 705 1360 747 ex·

215 791 356 871 spectes,
383 789 470 872 quod
499 787 643 852 suadere·
662 788 886 872 oppositorum
916 789 999 852 ratio
1023 788 1163 871 videtur,
1192 791 1237 852 itu
1259 791 1306 852 uti
1330 794 1362 852 et

213 895 288 976 (ipro
314 895 363 958 ati
389 870 458 978 (Itu
484 896 533 958 uti
560 899 587 958 te
613 894 747 958 otiorum
775 895 959 978 miserescat,
986 895 1028 958 nri
1052 896 1092 959 tis
1120 896 1199 960 ulios
1222 898 1363 960 rrrssoeut

214 1006 248 1066 et
270 977 356 1084 A'pro
378 1007 414 1066 ut
434 1007 554 1067 marlot
570 1003 779 1085 Lesbonicum,
801 1003 924 1084 querno
946 1004 1058 1066 eremit
1080 999 1229 1089 (collitus),
1251 1007 1361 1088 tamen

214 1108 313 1172 ctiam
344 1109 447 1174 altera
477 1108 535 1172 illa
563 1108 734 1173 collocatio
769 1108 897 1173 admitti
931 1108 1040 1192 potuit
1071 1113 1244 1194 propterea
1276 1110 1362 1193 quod

214 1215 294 1279 nihil
319 1215 360 1280 ud
384 1237 514 1280 sensum
537 1215 761 1299 ambiguitatis
785 1215 884 1280 habet
907 1219 944 1280 ut
973 1215 1013 1280 Vt
1033 1215 1086 1278 ille
1109 1215 1195 1281 illud.

305 1321 480 1406 Oppositas
511 1343 581 1386 esse
612 1322 711 1386 etiam
741 1321 830 1387 Trin.
853 1323 925 1387 ab
956 1323 1181 1405 pronominum
1211 1324 1361 1388 notiones

214 1449 266 1512 epo
297 1432 330 1492 et
359 1429 448 1494 illaec
477 1451 572 1493 nemo
603 1432 653 1493 est
683 1429 738 1512 qui
767 1432 877 1513 negata
910 1430 943 1492 ct
972 1432 1083 1493 tamen
1112 1427 1147 1492 iu
1175 1429 1262 1494 thesi
1285 1431 1363 1495 deli·

215 1540 337 1600 tescere
365 1557 416 1619 epo
443 1535 531 1619 passi
559 1557 682 1600 sumus:
712 1537 806 1599 Nunc
837 1537 933 1618 tpitur
956 1537 1105 1619 mimum,
1127 1537 1210 1618 puae
1228 1557 1279 1618 epo
1301 1540 1362 1602 sim

215 1645 243 1706 e't
269 1663 347 1725 qrroo
373 1643 462 1708 illoc'c
488 1643 552 1707 siet.
599 1641 691 1718 Quod
720 1641 848 1726 quidam
872 1644 999 1706 tantum
1023 1643 1116 1707 abest
1139 1647 1176 1706 ut
1199 1644 1233 1706 in
1258 1648 1361 1710 artam

216 1749 370 1832 offendat,
397 1754 434 1813 ut
460 1747 714 1832 locupletissima
737 1748 863 1812 ratione
886 1748 1018 1812 nitatur.
1064 1748 1195 1814 Etenim
1218 1750 1361 1816 ubicum-

216 1878 277 1940 que
300 1878 365 1920 non
389 1855 526 1940 simplex
545 1856 583 1918 fit
602 1855 736 1918 duarum
756 1855 927 1920 notionum
947 1855 1122 1939 oppositio,
1145 1857 1201 1919 sed
1221 1857 1361 1939 geminis

216 1964 365 2048 geminae
387 1962 536 2026 notiones
560 1963 779 2044 opponuntur,
807 1961 996 2044 plerumque
1019 1983 1078 2024 neo
1100 1961 1269 2027 commode
1292 1964 1362 2027 fieri

216 2069 325 2154 potuit
351 2073 388 2133 ut
417 2071 646 2152 quaternarum
675 2087 790 2132 vocum
814 2066 905 2131 nulla
928 2071 1020 2130 extra
1050 2068 1149 2132 araim
1178 2073 1276 2153 esset,
1304 2092 1363 2134 uec

217 2200 298 2263 opus
329 2198 399 2241 esse
429 2178 498 2238 tam
528 2173 643 2259 putida
673 2173 846 2257 diligentia
873 2174 978 2237 visum
1010 2179 1073 2257 est,
1104 2174 1160 2238 sed
1191 2176 1270 2239 satis
1300 2175 1364 2240 fuit

216 2284 386 2368 utriusque
414 2282 552 2348 membri
579 2281 726 2364 bipertiti
756 2281 949 2368 alterutrum
974 2281 1201 2346 antitheticum
1225 2283 1362 2348 vocabu·

216 2391 282 2454 lum
307 2389 387 2454 acui.
428 2388 536 2452 Pauca
559 2387 813 2470 enimexempla
836 2388 887 2450 vel
912 2392 980 2452 tam
1003 2393 1264 2454 consummatam
1287 2413 1362 2456 eon-

216 2497 405 2560 cinnitatcm
425 2517 555 2579 praese
577 2494 686 2558 ferunt
704 2516 800 2578 quam
822 2494 936 2559 Bacch.
952 2497 1017 2560 333
1033 2496 1140 2579 [365]:
1165 2495 1203 2561 Sr·
1221 2497 1271 2561 illi
1290 2503 1365 2560 aurat

217 2607 325 2686 utrque
346 2603 425 2685 ratri,
448 2608 482 2666 ut
503 2602 582 2666 asilii
606 2603 722 2684 terprtrn
744 2602 864 2683 domist,
889 2602 938 2665 vel
958 2604 1025 2666 tam
1045 2602 1232 2687 languidum
1253 2625 1363 2690 genua,

217 2714 253 2774 ut
274 2709 465 2793 bipertitum
489 2710 670 2773 membrum
695 2708 832 2773 alterurn
857 2713 961 2772 totum
991 2709 1035 2773 sit
1062 2709 1096 2773 iu
1124 2709 1223 2790 thesi,
1251 2711 1301 2774 bis
1330 2712 1362 2774 in

217 2817 281 2882 arsi
297 2818 445 2896 alterum,
459 2819 495 2879 ut
509 2815 552 2880 ib.
567 2816 629 2879 103
645 2815 752 2896 1134]:
772 2815 795 2878 I
798 2815 895 2879 bidem
913 2817 965 2896 epo
985 2837 1083 2878 nreuru
1097 2837 1220 2896 operum
1229 2817 1364 2898 perditi,

217 2924 306 3009 obst)
340 2925 373 2987 tri
405 2928 500 2987 bruris.
551 2922 617 2987 Vbi
649 2922 677 2986 si
708 2923 759 2986 vel
787 2943 837 3005 epo
866 2927 899 2986 ct
926 2928 1026 3005 toturn,
1060 2923 1109 2986 vel
1137 2945 1238 2986 meum
1268 2925 1300 2986 et
1331 2929 1364 2986 tu

218 3036 409 3097 acuerentur
433 3030 516 3112 sola,
544 3029 601 3093 illa
629 3030 701 3113 ipsa
728 3028 873 3112 prodiret
902 3051 999 3112 quam
1023 3029 1162 3093 maxima
1190 3030 1362 3112 probatam

217 3161 287 3203 csse
308 3139 447 3222 speciem
469 3137 548 3201 dixi:
573 3137 667 3220 quale
690 3137 751 3200 hoc
772 3141 822 3200 est
846 3136 932 3200 Trin.
956 3136 1012 3200 59:
1044 3137 1104 3200 Vin
1125 3137 1363 3200 corrunntemus?

218 3246 317 3308 triam
330 3265 381 3328 epo
395 3245 506 3309 dueum
520 3249 547 3308 et
561 3244 598 3307 ια’
612 3243 734 3306 areum?
748 3242 831 3306 Item
842 3242 959 3308 Bacch.
974 3243 1033 3306 131
1052 3243 1159 3325 [160]:
1175 3243 1242 3306 titi
1255 3264 1306 3325 epo
1320 3264 1364 3306 on

220 3357 258 3414 tu
280 3350 355 3415 miti
377 3353 480 3416 sonos
503 3352 555 3415 cs?
580 3351 640 3433 vel,
663 3371 703 3414 ne
723 3350 756 3413 in
775 3349 852 3414 solis
871 3349 1118 3432 pronominibus
1138 3349 1363 3433 subsistamus,
1377 3373 1489 3414 conxrv

218 3457 261 3520 ib.
275 3479 305 3525 v.
319 3459 340 3519 4
355 3457 440 3538 [35];
459 3459 495 3519 rit
512 3461 545 3519 tu
565 3456 699 3540 locens,
717 3457 776 3538 e‘po
795 3457 912 3539 loquor,
931 3456 988 3520 ubi
1007 3457 1068 3520 etsi
1083 3455 1203 3521 licebat
1216 3457 1315 3522 etiam
1330 3463 1364 3522 tu

219 3584 332 3628 acuere
361 3562 406 3625 sic
435 3563 682 3646 transpositum,
706 3562 739 3625 nt
761 3563 809 3624 nti
832 3563 944 3645 tricena,
966 3567 1076 3627 tamen
1099 3585 1164 3627 non
1189 3585 1271 3647 opus
1295 3569 1365 3629 erat

219 3668 340 3752 duplici
363 3667 532 3732 notionum
560 3669 750 3732 intentione.
796 3667 922 3732 Horum
945 3668 1048 3754 igitur
1070 3670 1282 3736 similitudine
1306 3672 1363 3736 illa

219 3797 346 3860 quoque
369 3775 464 3857 quui
481 3797 533 3857 epo
551 3776 610 3839 sim
629 3779 657 3838 et
677 3796 755 3856 quoe
778 3776 887 3839 illoc'c
909 3777 965 3839 siet
983 3777 1141 3842 censenda
1160 3783 1249 3842 sunt:
1272 3780 1362 3862 prius

219 3884 305 3947 enim
329 3903 427 3966 quam
450 3881 490 3946 ad
512 3881 671 3946 Luxuriae
694 3882 889 3968 Inopiaeque
914 3881 979 3966 (epo
993 3932 1001 3948 .
1016 3934 1022 3947 .
1038 3932 1046 3947 .
1060 3884 1161 3968 illaec)
1185 3886 1362 3970 oppositio·

219 4012 292 4054 nem
316 3988 464 4072 pervenit
486 3988 601 4066 oratio,
629 3989 791 4054 contraria
818 3989 898 4053 haec
922 3989 1107 4074 cogitantur
1133 4013 1225 4072 qrsue
1245 3994 1307 4057 sim
1330 3997 1363 4055 et

218 4096 475 4179 pulteolim,
506 4115 643 4179 quorum
672 4095 735 4160 hoc
764 4096 904 4160 alterum
934 4101 1009 4180 post
1040 4097 1168 4161 demum
1196 4097 1231 4182 (a
1253 4118 1281 4162 v.
1308 4099 1361 4182 10)

218 4202 422 4287 persequitur
450 4202 619 4286 prologus:
647 4201 730 4266 unde
760 4201 890 4266 minime
918 4224 999 4286 opus
1027 4205 1127 4269 fuisse
1154 4203 1284 4268 intenso
1311 4205 1363 4286 epo

218 4309 422 4393 perspicitur.

308 4538 332 4605 ⁸)
352 4538 429 4607 [creti
447 4538 547 4607 Opnsc.
567 4537 637 4607 pbil.
656 4536 696 4590 ΙΙΙ
714 4553 740 4606 p.
763 4537 833 4606 137]
