3332 5074
325 373 391 436 470
615 386 875 436 naonueouaus
899 385 946 432 na
970 383 1181 432 suricurnvs

326 533 501 616 septenarii
525 531 679 596 habuere:
702 531 735 594 id
759 529 844 613 quod
868 527 993 594 duobus
1013 527 1194 592 Trinummi
1219 525 1375 610 exemplis
1399 497 1471 610 pro·-

327 641 424 704 batur
447 661 476 703 v.
500 639 574 702 370.
601 638 698 703 1039:

415 781 465 845 Tri
490 781 584 845 modo
607 801 647 845 ne
670 801 721 844 me
738 779 904 862 prolaberis
927 777 1080 862 accipere,
1104 778 1132 842 si
1154 777 1232 861 quid
1254 775 1310 841 dee
1332 775 1426 841 mihi:

416 869 485 970 Elae
498 875 624 968 'misere
648 905 746 968 etiam
771 905 811 968 ad
830 903 980 985 parictem
1003 907 1081 968 suut
1102 901 1188 966 fixae
1211 900 1314 967 clauis
1337 901 1463 966 ferreis.

327 1049 404 1114 Plus
435 1071 512 1113 sane
540 1047 707 1112 molestiae
732 1045 843 1111 eodem
872 1047 907 1109 in
930 1045 1001 1109 loco
1031 1044 1207 1110 admissum
1236 1043 1472 1109 choriambi·

328 1179 408 1222 cum
437 1154 631 1220 vocabulum
660 1157 759 1236 creat,
792 1153 846 1217 sed
875 1151 961 1218 idem
989 1157 1100 1217 tamen
1128 1151 1236 1216 minus
1264 1151 1471 1216 insuavitatis

326 1264 450 1328 habens
479 1283 575 1345 quam
604 1261 775 1344 oxytonesi
803 1265 935 1342 recepta
964 1259 1226 1343 pentasyllabum
1257 1259 1352 1323 huius
1383 1279 1471 1323 men-

328 1393 422 1434 surae
446 1413 461 1418 -
476 1377 603 1430 &vv-¹:
637 1368 719 1432 unde
743 1367 880 1432 iudicari
903 1367 1025 1450 poterit
1046 1371 1157 1432 utrum
1181 1365 1342 1431 scribendi
1366 1387 1470 1431 exem·

327 1477 418 1560 plum
442 1499 470 1540 v.
497 1476 581 1540 1023
605 1477 761 1560 praestet:

418 1619 561 1696 Quorum
586 1639 669 1682 unus
692 1618 1042 1700 asportassent
1066 1615 1193 1681 cursori
1215 1617 1332 1700 solum,

329 1761 499 1827 accedente
524 1759 689 1845 spondiaci
713 1759 821 1846 (unus)
847 1759 964 1824 duritie
988 1758 1212 1844 asperrimum,
1235 1781 1277 1824 an

418 1903 562 1980 Querum
586 1901 695 1966 hercle
719 1925 801 1969 unus
824 1903 982 1985 surpuerit
1003 1902 1145 1967 curre‘nti
1169 1901 1296 1968 cursori
1317 1903 1431 1968 solum.

329 2043 560 2130 Spondiaci's
584 2047 694 2108 tutem
718 2043 916 2110 insecundo
941 2045 1020 2128 pede
1046 2045 1178 2110 vocibus
1203 2066 1269 2110 non
1293 2046 1398 2132 magis
1423 2051 1473 2112 est

329 2154 419 2218 locus
439 2174 608 2217 concessus
627 2173 724 2235 quam
743 2151 778 2216 in
796 2152 940 2217 senariis.
968 2152 1043 2218 Non
1062 2157 1244 2236 repugnant
1263 2175 1291 2217 v.
1306 2153 1380 2218 619.
1395 2153 1474 2218 682:

417 2270 581 2359 lllciscare
605 2298 639 2357 et
662 2291 747 2358 mihi
771 2297 807 2358 ut
829 2294 901 2377 eryd
924 2298 956 2358 tc
969 2345 1376 2359 .......

419 2401 471 2464 Me
494 2402 549 2484 qui
573 2402 692 2466 abusus
717 2404 788 2465 sdm
812 2401 933 2465 tuatim
955 2423 1021 2466 rem
1038 2453 1376 2466 ......
1470 2412 1480 2429 ·

330 2545 418 2608 utin
438 2542 555 2629 quibus
575 2547 607 2607 et
625 2542 763 2628 erydtc*)
781 2546 814 2607 et
837 2543 1077 2628 tuatdmrem**)
1097 2545 1129 2608 vi
1153 2544 1284 2610 enclisis
1308 2545 1341 2608 in
1365 2545 1474 2628 trisyl-

331 2651 406 2714 laba
429 2651 621 2716 coalescant.
644 2651 753 2715 Vnum
773 2653 872 2716 nescio
890 2651 1095 2737 designatum
1115 2655 1166 2716 cst
1183 2675 1214 2736 p.
1225 2669 1355 2716 ccxxiv
1370 2653 1473 2736 [459],

331 2755 417 2841 quod
446 2779 523 2822 sane
552 2756 718 2841 singulare
746 2761 798 2822 est
820 2759 962 2842 partium
986 2781 1051 2824 non
1073 2759 1328 2843 compositarum
1351 2781 1390 2824 nc
1410 2763 1474 2824 ecio

170 2885 336 2925 ccxxxvur
344 2867 512 2929 accentum
531 2863 629 2928 etiam
648 2869 724 2948 post
741 2863 862 2928 factam
882 2864 1150 2950 compositionem
1170 2887 1324 2931 servasse.
1355 2865 1474 2930 Parum

330 2976 437 3036 autem
466 2970 681 3034 excusationis
709 2974 859 3054 paratum
883 2993 953 3036 csse
977 2974 1084 3037 versui
1108 2973 1173 3038 679
1197 2973 1317 3057 sentio,
1345 2973 1473 3058 qualem

331 3078 406 3142 aB
428 3077 593 3162 proditum
616 3101 689 3142 cum
713 3077 902 3143 Hermanno
926 3080 1065 3144 servavi:

421 3219 527 3284 Feicile
546 3221 726 3285 inuentust:
745 3221 841 3287 dcitur
859 3222 950 3304 roais,
970 3223 1143 3287 tamenetsi
1162 3223 1203 3286 ab
1222 3221 1353 3287 inimicd
1374 3227 1476 3306 petas.

332 3365 437 3440 Quare
471 3360 558 3428 haud
592 3363 658 3427 scic
689 3385 730 3428 an
761 3364 940 3430 consultius
971 3365 1014 3430 sit
1043 3387 1063 3428 a
1092 3363 1289 3449 reliquorum
1319 3366 1476 3431 librorum

333 3469 489 3535 memoria
502 3471 611 3534 Facile
628 3477 671 3536 est
689 3471 818 3535 lacrimem
841 3470 1002 3554 proficisci
1027 3472 1067 3536 ad
1091 3472 1176 3536 hanc
1199 3473 1339 3556 speciem
1363 3493 1476 3536 versus

332 3575 634 3640 commendandam:

385 3717 599 3805 Facilest***)
615 3719 762 3785 inueniri:
782 3720 877 3785 datur
891 3718 989 3806 ignis:
1009 3721 1140 3786 tame'tsi
1160 3722 1200 3785 ab
1220 3720 1350 3786 inimico
1368 3727 1477 3806 petas:

334 3861 461 3945 quando
490 3883 549 3925 nec
578 3862 738 3927 molossus
761 3863 816 3926 ille
839 3865 968 3927 ircruentu'
992 3864 1135 3928 insolens
1159 3867 1209 3929 est
1232 3886 1290 3928 nec
1313 3863 1477 3949 bisyllaba

334 3969 454 4032 tametsi
476 3965 657 4052 (tamquam
683 3973 746 4032 turo
768 3969 825 4033 etsi
849 3969 910 4047 [sic
933 3967 1062 4054 Trin.²])
1091 3971 1214 4034 formae
1237 3970 1477 4054 pronuntiatio:

334 4131 544 4138 .--..--

440 4233 465 4301 ”)
485 4233 535 4302 [Ol.
555 4233 625 4288 Nov.
645 4249 703 4290 exc.
724 4231 815 4288 Plaut.
835 4233 848 4286 l
866 4252 892 4303 p.
913 4240 946 4288 36
957 4235 1009 4302 sq.]

423 4322 465 4391 **)
485 4321 558 4392 [Ηοο
572 4339 600 4376 se
615 4321 660 4376 vix
676 4325 750 4377 recte
770 4338 915 4378 excusasse
934 4325 1032 4393 postea
1050 4322 1159 4378 censuit
1171 4321 1341 4377 Ritechelius
1362 4321 1412 4376 Mc'
1429 4324 1479 4392 qui

335 4415 440 4464 lautam
459 4411 561 4464 abricus
579 4427 638 4464 auur
659 4427 712 4464 rem
729 4412 915 4480 transponens
933 4411 961 4464 in
981 4410 1023 4464 ed.
1044 4411 1106 4481 alt]

406 4497 465 4564 m)
484 4495 580 4568 [Facti
598 4503 635 4552 eet
654 4497 752 4568 Trin.¹,
772 4498 805 4553 cl.
825 4499 926 4567 Opusc.
945 4498 1015 4569 phil
1036 4499 1062 4552 11
1080 4517 1107 4568 p.
1126 4503 1186 4554 331.
1207 4500 1280 4570 452]
