3318 5072
306 393 371 456 492
596 409 854 458 Pnoaaconaus
879 409 925 456 ou
951 409 1161 458 aarromsvs

395 551 639 616 Multitudinem
669 556 777 616 autem
805 501 1025 634 exerdplorum
1053 551 1225 637 praevideo
1250 552 1329 616 mibi
1353 575 1453 637 oppo-

306 659 404 723 situm
433 658 487 742 iri,
518 659 552 724 in
580 659 698 743 quibus
722 682 786 724 non
811 658 907 724 modo
932 660 1029 724 arsim
1053 680 1119 722 non
1142 664 1277 743 occupet
1301 683 1452 745 persona·

305 788 377 830 rum
407 766 555 850 quamvis
583 765 679 830 finita
706 771 739 830 et
767 767 876 852 gravis
905 767 1117 852 significatio,
1141 768 1197 832 sed
1221 767 1332 834 eadem
1355 790 1395 833 ne
1419 768 1452 831 in

308 872 394 936 thesi
424 873 553 957 quidem
582 873 663 937 satis
691 872 856 958 audiatur,
882 877 996 958 utpote
1025 895 1107 958 quae
1136 873 1271 938 elisione
1298 873 1453 940 devorata

307 979 389 1044 nihil
409 981 459 1044 sui
483 981 643 1065 reliquum
663 980 769 1044 faciat.
812 980 982 1046 Pertinent
1003 981 1066 1046 buc
1090 980 1183 1044 talia:
1206 982 1259 1046 scd
1280 986 1318 1046 tu
1340 982 1378 1046 ἐκ
1401 982 1453 1065 [tu

304 1107 347 1151 es·
365 1084 480 1169 rrius]
500 1087 609 1151 ueretris
626 1089 714 1153 cedes
736 1087 807 1153 mi’s
829 1091 1024 1153 certissumus
1047 1088 1076 1152 b.
1097 1109 1123 1150 e.
1147 1086 1199 1151 ‘tu
1223 1091 1351 1172 praeter
1371 1089 1452 1153 alios

305 1192 433 1258 omnes'
457 1193 542 1257 Trin.
572 1217 599 1257 r.
629 1193 686 1276 943
718 1195 845 1275 firmum
874 1195 962 1259 omres
990 1197 1049 1258 erit
1077 1195 1159 1276 qnod
1187 1200 1224 1258 tu
1253 1195 1349 1277 c'peris
1371 1194 1402 1258 h.
1426 1217 1452 1258 e.

306 1301 446 1365 ‘firmius
466 1322 564 1385 quam
583 1301 669 1385 quod
689 1323 750 1386 ego
769 1301 878 1386 egero’
904 1325 932 1366 v.
951 1303 1032 1383 3873
1055 1303 1131 1383 quid
1152 1303 1186 1366 id
1207 1303 1250 1366 od
1271 1323 1323 1366 mc
1345 1302 1454 1366 detinet

307 1409 337 1471 b.
353 1430 378 1472 e.
399 1406 480 1472 ‘was
499 1406 569 1490 peut
585 1408 643 1476 das
660 1408 753 1471 mich
767 1407 826 1472 uo'
846 1431 873 1472 v.
889 1407 963 1473 978.
989 1409 1082 1473 1065.
1102 1407 1218 1472 Bacch.
1236 1407 1296 1472 197
1310 1407 1403 1490 [229]
1420 1413 1453 1472 et

309 1515 459 1579 similiter
489 1519 541 1578 sat
571 1535 666 1598 saepe
696 1514 789 1598 alibi3
820 1515 965 1597 rariorquis
991 1519 1035 1580 cst
1061 1513 1111 1579 bic
1140 1515 1224 1580 cilius
1247 1516 1372 1596 praeter
1401 1536 1453 1580 me

306 1627 397 1702 utplus
425 1627 452 1685 tc
478 1644 506 1685 r.
530 1621 587 1702 693
613 1622 779 1702 perdidisti
811 1627 842 1686 te
872 1622 963 1703 atquc
994 1643 1045 1686 mc
1075 1622 1165 1703 utque
1196 1641 1320 1704 mum
1351 1641 1452 1686 meum

306 1726 423 1791 Bacch.
440 1728 500 1792 101
522 1727 626 1811 [1321.
653 1727 697 1791 llt
716 1727 796 1791 baec
815 1727 955 1811 quidem,
973 1749 1109 1810 quorum
1128 1726 1287 1792 notabilis
1306 1727 1452 1812 frequen·

305 1836 361 1916 tia,
385 1833 412 1898 si
431 1833 479 1898 ita
497 1855 567 1898 sese
587 1833 729 1898 habeant
747 1855 859 1898 revera
877 1838 914 1897 ut
933 1834 1001 1898 visa
1020 1839 1096 1899 sunt
1115 1834 1274 1922 omnibus,
1297 1857 1362 1900 uon
1380 1858 1452 1919 pro-

306 1941 390 2005 fecto
414 1939 619 2004 mediocriter
647 1940 843 2006 labefactent
867 1941 1026 2025 quamde
1053 1945 1242 2006 accentuum
1268 1942 1451 2008 notionum-

307 2070 369 2132 que
384 2047 595 2132 congruentia
614 2046 793 2111 doctrinam
812 2047 1039 2130 pertexuimus.
1072 2046 1195 2112 Verum
1214 2049 1377 2113 enimvero
1394 2049 1452 2114 illa
1521 2076 1525 2085 ’

306 2155 377 2240 ipsa
404 2177 464 2218 nos
493 2153 622 2238 quidem
650 2158 738 2218 certo
768 2176 837 2218 esse
866 2155 1059 2219 documento
1082 2159 1250 2239 putamus,
1273 2157 1451 2221 rectissime

306 2261 447 2326 dubitari
478 2283 572 2344 num,
605 2283 686 2344 quae
718 2261 817 2346 vulgo
850 2262 979 2326 vocales
1012 2262 1124 2326 finales
1157 2262 1261 2326 elidi
1294 2263 1451 2347 dicuntur,

305 2389 419 2450 reapse
449 2368 626 2452 absorptae
657 2368 723 2431 sint
752 2368 1004 2453 pronuntiando,
1036 2380 1091 2453 an,
1124 2371 1209 2454 quod
1240 2374 1273 2434 et
1301 2369 1387 2434 ratio
1418 2375 1451 2434 et

194 2497 293 2539 conxv
308 2479 452 2538 veterum
475 2473 663 2539 testimonia
687 2473 844 2556 quaedam
868 2473 1002 2539 suadere
1025 2474 1188 2556 ridentur,
1211 2476 1320 2559 aliqua
1342 2477 1451 2560 potius

306 2584 482 2664 (υναλοιφῇ
506 2581 574 2645 sire
598 2582 833 2660 (υνεκφωνήεει
856 2604 928 2646 cum
952 2581 1136 2665 insequenti
1160 2583 1265 2647 vocali
1285 2583 1451 2650 conflatae.

306 2689 410 2765 Quam
430 2688 681 2753 controversiam
701 2692 786 2752 recte
805 2687 956 2754 dirimere
975 2711 1041 2752 non
1059 2693 1135 2753 sunt
1158 2689 1372 2774 existimandi,
1395 2691 1449 2775 qui

305 2795 496 2859 alterutrum
516 2795 756 2878 amplectuntur
776 2795 904 2859 excluso
924 2797 1036 2860 altero.
1068 2792 1153 2860 Nam
1174 2795 1201 2860 si
1220 2794 1302 2860 duae
1321 2796 1449 2860 vocales

304 2902 337 2965 in
369 2901 464 2965 unius
501 2923 617 2966 sonum
653 2901 919 2985 colliquescuntes
952 2924 1017 2966 non
1050 2906 1188 2986 possunt
1220 2925 1285 2969 non
1319 2903 1449 2987 longam

305 3007 467 3091 syllabam
497 3007 635 3090 efficere,
663 3029 793 3072 necesse
823 3010 873 3072 est
901 3007 1134 3093 synaloepham
1159 3009 1199 3072 ab
1224 3009 1271 3073 eis
1295 3008 1450 3092 exemplis

305 3115 444 3178 alienam
472 3135 542 3178 esse
571 3135 654 3197 quae
682 3113 812 3178 brevem
841 3113 1000 3198 syllabam
1029 3118 1171 3179 servant:
1206 3117 1242 3178 ut
1268 3115 1343 3178 Huc
1368 3136 1450 3196 quoe

287 3211 380 3286 'dolis
409 3223 502 3304 iutro,
534 3223 635 3285 dicum
664 3222 698 3284 si
726 3221 865 3284 dcimam
896 3221 1074 3302 adnectitis,
1105 3220 1140 3284 in
1171 3243 1234 3304 quo
1263 3242 1356 3285 versu
1385 3243 1450 3285 non

304 3335 442 3413 possunt
468 3351 533 3393 non
562 3328 644 3392 elisa
671 3348 741 3392 essa
769 3349 806 3392 ue
833 3332 866 3393 et
890 3331 908 3392 i.
950 3327 1077 3392 Contra
1096 3327 1177 3392 nihil
1201 3327 1348 3411 impediit
1371 3351 1449 3412 quo-

303 3436 411 3498 minus
439 3433 487 3498 illi
518 3435 641 3498 vicinus
670 3456 781 3499 versus
809 3457 875 3500 non
903 3436 949 3499 sie
978 3436 1171 3500 recitaretur
1193 3433 1273 3498 Ded’
1300 3433 1328 3502 b·
1351 3457 1450 3500 meum
1481 3520 1487 3531 ι

300 3546 431 3624 protom
457 3542 535 3623 quic*
563 3541 616 3604 ua'
645 3542 737 3605 uotol’
765 3544 880 3626 sumat,
909 3543 964 3606 sed
993 3545 1109 3627 quater
1137 3539 1448 3626 conglutinationem

304 3648 492 3712 admitteret
520 3648 680 3713 vocalium
709 3651 773 3732 ici,
801 3670 901 3729 rem-u,
929 3671 1010 3731 u-oe,
1038 3671 1122 3712 cru-c.
1168 3648 1284 3732 Itaque
1306 3670 1354 3713 me
1376 3671 1449 3733 pro·

303 3776 420 3818 nomen
448 3777 520 3818 cum
550 3758 717 3840 tamquam
746 3756 930 3821 encliticam
959 3755 1018 3837 (μ’)
1047 3755 1175 3822 sithoc
1198 3756 1346 3841 exemplo
1371 3755 1449 3836 Quo-

303 3863 391 3926 oium
417 3850 448 3928 b·
475 3863 529 3943 qui
556 3883 607 3926 mc
634 3863 727 3927 sileret
753 3863 801 3928 nil
827 3865 915 3927 uideo
942 3883 1004 3928 csse
1030 3864 1152 3945 re'liom,
1179 3866 1288 3927 tamen
1312 3885 1371 3928 nec
1394 3863 1449 3926 ab·

301 3973 450 4053 sorptum
482 3989 552 4033 esse
582 3991 641 4032 nec
671 3973 838 4034 accentum
869 3969 1015 4034 amisisse
1047 3969 1217 4034 dicendum
1248 3973 1299 4032 est
1326 3969 1359 4033 in
1389 3969 1449 4034 hac

303 4076 544 4141 consociatione
575 4075 746 4141 verborum
775 4076 812 4140 Is
841 4082 906 4139 rc'm
930 4081 1098 4158 paternum
1124 4097 1177 4140 mc
1203 4077 1353 4141 ddiutm'cc
1377 4077 1450 4158 pc'r-

302 4183 390 4246 dicu.
426 4183 580 4267 Idemque
603 4183 636 4246 in
660 4182 887 4266 monosyllaba
910 4183 1118 4266 potissimum
1142 4183 1239 4268 longa
1261 4184 1366 4248 vocali
1386 4186 1449 4246 ter-

303 4289 427 4352 minata
449 4289 562 4365 cadere
586 4288 715 4354 videtur
738 4290 856 4372 omnia,
879 4295 916 4354 ut
938 4290 974 4353 in
991 4289 1049 4354 illa
1069 4312 1088 4354 a
1108 4290 1224 4374 quibus
1244 4288 1450 4354 ordiebamur

303 4399 336 4456 tu
359 4415 403 4476 aa,
427 4399 459 4456 tu
482 4398 590 4479 operis,
613 4417 661 4460 me
682 4397 799 4472 ottirut,
827 4401 998 4478 meatque,
1027 4401 1177 4476 tcotqrtc:
1205 4396 1284 4460 item
1308 4396 1341 4460 in
1365 4397 1394 4459 c't
1415 4401 1449 4460 lu

304 4499 348 4562 ito'
368 4502 462 4564 simul
480 4523 508 4564 v.
531 4503 624 4584 1106,
648 4503 703 4566 ubi
728 4503 813 4586 quod
838 4502 897 4566 sub
921 4501 987 4567 ictu
1011 4525 1078 4568 non
1101 4507 1133 4566 tu
1156 4501 1298 4585 positum
1323 4505 1373 4568 est
1391 4503 1447 4566 sed
