3316 5070
407 423 480 470 UND
504 423 565 470 DlE
589 421 774 470 uslrzlunn
797 421 1119 470 PLAUTUSSTUDIEN.
1295 403 1337 468 83

190 559 313 617 (lediebt
334 562 377 617 als
396 563 529 633 Zengniss
547 561 597 617 der
614 561 818 618 Freundsohslt
835 561 966 616 Werlsr's
991 560 1046 616 mit
1067 559 1184 631 Hessus,
1202 559 1249 616 die
1269 565 1337 616 1513

189 648 236 704 bei
255 649 353 706 dessen
368 649 497 706 Studium
517 649 547 706 in
560 649 676 722 Leipzig
694 649 833 720 entstand,
852 649 985 706 Ritschl's
999 647 1119 706 Absicbt
1132 648 1336 720 entspreobend

190 738 335 794 bierunter
353 739 457 812 folgen.
494 739 524 798 C.
543 739 601 810 W.]

413 917 448 972 H.
467 917 598 973 Eobanus
616 918 681 974 Hes.
702 918 767 974 vito
787 917 922 976 Vuerlero
940 933 990 974 suo
1010 933 1049 974 sa
1069 916 1107 972 di.

191 1057 288 1112 Dulcis
306 1059 449 1115 amicitiae
466 1061 580 1116 nostrae
599 1077 706 1131 eomes,
725 1061 808 1117 unios
826 1077 910 1118 verae

262 1147 421 1204 Fidelitetis
439 1148 539 1220 gloria,

191 1233 307 1304 Optime
323 1251 388 1306 para
404 1237 481 1292 vitae
500 1237 632 1306 melioris,
652 1238 772 1308 denique
790 1238 858 1307 vila,

265 1326 352 1380 Beate
371 1326 445 1396 Vite,
463 1327 584 1382 candida

191 1413 281 1479 Quem
297 1429 380 1468 nemo
398 1414 490 1472 bonus
508 1416 577 1484 odit,
597 1418 695 1471 amant
712 1418 880 1473 venerentur
898 1417 1037 1471 honorent

267 1502 430 1572 Quicunque
447 1521 504 1560 non
524 1507 589 1560 sunt
605 1505 733 1576 pessimi:

193 1590 252 1646 Sub
270 1591 313 1659 (ln
333 1591 429 1660 Fors.)
447 1592 533 1649 viridi
549 1593 630 1650 nobis
648 1611 738 1665 nuper
756 1593 947 1664 nunciantibus
965 1595 1065 1650 umbra

261 1678 381 1751 Propter
399 1682 585 1738 susurranteis
604 1701 693 1754 aquas

191 1768 336 1838 Multaque
354 1768 389 1824 de
408 1769 509 1825 studiis
528 1775 661 1828 consueto
680 1788 756 1828 more
775 1771 898 1842 loquutis

261 1858 304 1912 De
321 1857 410 1913 livido
428 1875 519 1914 sermo
537 1859 645 1916 incidit.

189 1947 310 2013 Questus
329 1963 390 2002 eras
408 1947 545 2016 (memini)
565 1965 648 2016 quam
668 1949 697 2003 te
717 1946 778 2002 sine
796 1947 911 2004 erimine
930 1948 1003 2003 livor

261 2035 357 2091 Morsu
375 2035 527 2091 insectetur
545 2037 652 2106 perfido
670 2029 807 2107 (flagellet
823 2035 952 2106 improbo
971 2037 1077 2107 Fora).

189 2123 233 2180 Ne
251 2123 360 2182 doleas:
378 2125 469 2181 virtus
487 2126 558 2181 haee
575 2125 702 2195 praemia
720 2125 781 2182 sols
798 2128 922 2180 meretur

261 2215 344 2286 Apud
360 2215 502 2272 furentem
520 2215 641 2283 Zoilum3

190 2303 271 2359 Vidit
288 2307 319 2359 et
335 2303 458 2358 indoluit
476 2303 592 2360 summis
610 2306 639 2360 lc
657 2303 787 2360 laudibus
805 2305 919 2359 anctum

263 2392 314 2448 Ille
333 2392 383 2447 ille
402 2391 529 2463 quisquis
548 2397 668 2462 (cunque
687 2393 784 2463 Fors.)
803 2392 928 2463 quisquis
946 2394 996 2448 est.

190 2481 296 2537 Doctus
309 2499 339 2537 es
357 2485 387 2537 et
404 2480 498 2542 facilis
516 2482 599 2538 floret
614 2481 669 2538 tibi
687 2467 785 2552 gratia
799 2481 928 2554 linguae:

263 2569 331 2638 Quis
349 2569 422 2626 livor
438 2572 494 2627 boe
511 2573 606 2627 tantus
624 2571 717 2626 feret?

191 2659 284 2716 Comis
304 2662 334 2715 et
350 2659 474 2715 urbanus
492 2676 556 2715 cum
575 2659 614 2714 sis
633 2661 819 2728 constansque
838 2657 966 2730 piusque,

260 2750 354 2805 Venas
372 2749 456 2804 miser
474 2749 643 2819 depascitur.

191 2839 245 2895 Per
261 2839 331 2908 fora,
350 2855 402 2909 per
418 2837 537 2909 plateas,
557 2855 607 2908 per
624 2839 758 2908 compita,
777 2837 885 2908 temple
903 2837 1018 2907 viasque

261 2927 410 2982 Laudatis:
429 2925 484 2982 hoe
500 2926 574 2983 livor
591 2927 676 2984 dolet

191 3015 319 3086 Denique
348 3018 448 3072 cuncta
475 3015 530 3071 tibi
560 3033 612 3086 pro
639 3018 706 3072 voto
734 3015 832 3072 cedere
860 3016 907 3086 (ad
934 3019 1033 3072 votnm
1061 3014 1209 3070 succedere
1237 3015 1337 3084 Fors.)

994 3106 1125 3174 spectans

264 3194 358 3249 Poene
377 3194 500 3249 eviratus
519 3192 650 3249 concidit.

194 3281 244 3337 Nil
261 3281 449 3338 miserabilius
467 3284 558 3338 totum
577 3283 668 3352 liquet
686 3299 747 3339 esse
766 3299 817 3354 per
830 3283 926 3339 orbern
945 3283 1038 3352 (rebus
1057 3271 1222 3338 mortalibus
1240 3284 1334 3338 ortam

991 3372 1035 3426 est
1054 3369 1151 3440 Fors.)

263 3461 354 3528 Quam
368 3458 420 3530 (sio
433 3461 531 3530 Fors.)
551 3478 661 3530 semper
679 3460 823 3516 ardentem
837 3459 963 3516 invidum
978 3459 1105 3531 (ardente
1118 3459 1215 3516 invido
1230 3461 1338 3531 Fora).

193 3549 282 3605 Ardet
299 3554 330 3606 et
346 3549 456 3606 incluso
474 3550 597 3618 (occulto
616 3549 713 3618 Fors.)
732 3547 849 3605 miserus
867 3549 942 3605 calet
959 3548 1024 3620 igne
1043 3548 1197 3619 medullium

263 3638 373 3709 Cupido
391 3654 447 3694 non
465 3639 577 3694 tsntum
595 3637 671 3693 furit.

194 3728 282 3798 Saepe
301 3741 403 3798 graves
421 3725 523 3782 misero
542 3726 671 3782 flammeo
689 3725 853 3782 minuuntur
871 3726 994 3796 emanti3

263 3815 318 3870 Hie
335 3815 402 3886 igne
421 3832 564 3884 nunqnam
581 3814 655 3871 liber
673 3818 724 3872 est.

193 3905 255 3960 Nou
271 3903 404 3975 graviora
422 3902 541 3972 (maiora
559 3903 657 3974 Facu.)
675 3904 778 3974 aliquis
796 3904 907 3960 dederit
923 3907 1065 3961 tormenta
1082 3904 1211 3975 Perillae,

263 3993 328 4048 Nou
345 3991 451 4063 impius
468 3991 632 4063 Mezentius,

193 4081 230 4138 lit
247 4084 358 4139 tantum
377 4085 432 4153 (res
450 4079 533 4151 mire)
552 4081 606 4137 sibi
624 4086 708 4138 nocet
726 4084 756 4137 et
773 4083 920 4139 dumtaxat

264 4173 299 4228 Se
318 4169 442 4228 carnifex
460 4169 605 4228 eviscerat.

193 4261 302 4332 Aspice,
320 4277 405 4330 qnsm
423 4261 505 4316 torvo
524 4259 681 4331 distorquet
698 4260 804 4316 lamina
821 4261 911 4332 vultu,

261 4350 302 4405 vt
317 4349 421 4406 fictiles
439 4349 536 4404 lsrvae
553 4348 654 4418 solent,

194 4439 295 4505 Quales
313 4439 355 4495 ire
373 4438 468 4495 ferunt
486 4437 574 4494 furies
592 4441 729 4495 nocturna
745 4441 891 4496 moventes

262 4527 438 4599 Letbsrgiois
457 4525 608 4583 insomnis!
