3302 5076
600 419 832 468 nnrnimscne
857 419 984 468 annun.
1295 403 1358 466 647

221 562 375 645 condicio,
398 563 453 646 qui
474 565 641 646 tamquam
660 561 804 646 legitime
823 562 1017 627 constitutus
1036 561 1187 628 laudator
1206 561 1363 646 temporis

222 671 287 733 acti
310 667 453 752 prodeat.
486 668 565 744 Quis
588 673 639 733 est
661 668 747 733 enim
770 671 924 750 vestrum,
947 667 1025 752 quin
1049 667 1214 733 lubentius
1236 669 1271 732 in
1295 668 1362 734 siue

219 774 362 859 imagine
381 775 481 860 Regis
505 776 615 840 oculos
639 775 793 856 defixerit,
817 795 880 859 quo
899 774 984 860 vivo,
1008 797 1071 859 quo
1096 779 1362 860 praesenteque

221 881 350 964 vigente
373 880 542 965 laetamur,
566 881 617 945 cui
639 882 806 965 praeclara
827 881 990 967 debemus,
1013 905 1115 968 aquo
1135 882 1362 967 praeclariora,

219 985 406 1052 liberaliora
429 993 666 1071 exspectamus:
696 989 823 1073 quando
848 1011 886 1054 ea
909 995 959 1055 eet
983 1011 1213 1074 generosorum
1237 989 1363 1069 indoles
1432 1057 1435 1069 ,

221 1093 418 1176 animorum,
441 1096 565 1158 utnon
589 1094 718 1178 possint
739 1094 774 1158 in
797 1095 903 1160 media
926 1095 980 1160 via
1003 1097 1195 1178 subsistere,
1218 1096 1274 1161 sed
1298 1117 1361 1180 quo

220 1200 415 1265 luculentius
443 1200 549 1264 exorsi
577 1200 654 1281 sint,
683 1221 721 1264 eo
745 1200 971 1285 gloriosiorem
995 1201 1035 1267 ad
1058 1203 1155 1268 finem
1178 1203 1279 1286 ipsius
1302 1224 1357 1266 na·

219 1310 311 1370 turae
339 1307 531 1370 necessitate
560 1305 699 1390 quadam
728 1309 874 1390 pergant
920 1307 1062 1372 Tantum
1092 1309 1127 1372 in
1156 1309 1218 1374 hoc
1245 1329 1362 1393 genere

219 1413 307 1477 valet
335 1413 531 1496 exspectatio
560 1413 671 1477 futuri.
722 1413 878 1489 Quocirca
905 1434 970 1478 non
1000 1417 1050 1479 est
1077 1416 1211 1498 mirum,
1244 1413 1362 1500 quibus

220 1522 393 1605 quotannis
417 1521 576 1586 orandum
600 1525 650 1586 est
672 1520 783 1586 Idibus
799 1521 1003 1605 Octobribus,
1026 1522 1066 1588 iis
1090 1526 1266 1606 paratum
1291 1543 1361 1586 esse

220 1626 420 1692 audientium
444 1627 608 1711 plausum:
641 1631 675 1692 at
702 1627 798 1692 nobis
827 1627 1053 1711 parandum,
1086 1631 1121 1693 at
1144 1627 1239 1694 nobis
1264 1649 1360 1712 quae·

220 1734 354 1798 rendam
378 1733 645 1817 approbationem
665 1738 807 1799 vestram
827 1733 1084 1818 capiendumque
1104 1734 1361 1800 benevolentiam

219 1861 299 1904 esse.
345 1837 408 1904 Sed
436 1841 522 1904 aliud
551 1839 703 1924 quiddam
731 1840 855 1905 accedit
883 1841 980 1923 longe
1007 1840 1106 1904 etiam
1130 1841 1274 1925 gravius,
1306 1863 1362 1906 our
1426 1919 1435 1936 Ι

219 1968 284 2012 nou
312 1949 441 2011 tantum
468 1947 610 2011 immune
639 1946 683 2010 sit
710 1946 836 2011 facinus
865 1945 916 2030 (ut
939 1967 1011 2010 cum
1036 1947 1149 2029 priscis
1173 1945 1360 2012 bominibus

219 2051 357 2138 loquar),
380 2053 433 2116 sed
459 2052 558 2118 etiam
582 2053 742 2117 lubricum
767 2056 799 2116 et
817 2053 1051 2137 propemodum
1072 2051 1207 2116 dixerim
1225 2051 1361 2118 invidio·

220 2180 305 2241 sum,
333 2157 463 2223 laudare
486 2177 597 2242 regern
621 2158 821 2242 defunctum,
844 2159 935 2224 cuius
958 2160 986 2224 is
1011 2158 1054 2224 sit
1077 2159 1162 2224 filius
1187 2162 1362 2242 superstes,

220 2263 276 2347 qui
299 2285 371 2328 eum
395 2264 507 2329 multis
531 2265 738 2329 videatur-
758 2264 870 2350 quidni
893 2265 978 2329 enim
1002 2265 1102 2330 libere
1125 2265 1300 2350 profitear?
1320 2302 1357 2312 —

219 2373 387 2452 paternam
413 2371 550 2455 gloriam
575 2393 642 2436 non
664 2370 816 2456 ambigue
840 2373 1023 2456 obscurare,
1045 2377 1116 2436 tum
1140 2371 1360 2436 diversissima

219 2497 296 2540 sane
320 2476 428 2542 indole
450 2477 617 2562 praeditus
641 2481 699 2542 est.
732 2478 846 2562 Itaque
865 2501 936 2542 cum
956 2478 1040 2544 aliae
1060 2483 1149 2544 etex
1171 2483 1265 2562 parte
1289 2500 1360 2543 con·

218 2583 338 2648 trariae
366 2584 398 2648 in
426 2589 564 2668 utroque
593 2584 730 2649 virtutes
759 2583 936 2667 emineant,
967 2605 1073 2650 nonne
1102 2584 1274 2650 verendum
1302 2587 1361 2668 est,

218 2691 366 2774 nequod
394 2692 429 2754 in
452 2690 510 2754 illo
534 2689 661 2774 laudes,
694 2689 824 2755 videare
847 2691 880 2755 in
904 2690 967 2755 hoc
989 2691 1183 2773 desiderare,
1216 2691 1301 2775 quod
1324 2692 1358 2756 iu

217 2796 274 2860 illo
298 2795 347 2860 vel
373 2796 511 2860 maxime
539 2795 673 2878 probes,
695 2795 927 2880 propemodum
950 2796 1133 2880 improbare
1157 2796 1190 2861 in
1213 2797 1284 2880 hoc,
1309 2800 1356 2862 at·

218 2923 278 2985 que
306 2901 353 2965 ita
376 2901 414 2965 de
439 2899 549 2966 debita
572 2900 662 2966 Patri
686 2901 817 2966 Patriae
841 2901 1022 2966 reverentia
1045 2901 1166 2985 aliquid
1190 2903 1359 2968 detrahere

215 3008 467 3074 irreverentius?
514 3007 652 3072 Possum
681 3031 757 3073 saue
787 3009 920 3091 videri,
954 3011 988 3072 et
1010 3008 1144 3074 videbor
1167 3008 1306 3074 fortasse
1330 3011 1358 3075 si

217 3116 271 3199 qui
304 3114 498 3180 malitiosius
531 3115 711 3180 orationem
745 3137 849 3180 meam
884 3115 1151 3197 interpretentur:
1184 3115 1240 3180 sed
1273 3116 1357 3182 idem

218 3225 303 3287 recte
327 3221 538 3286 iudicantium
568 3224 601 3285 et
624 3220 693 3285 eine
716 3221 889 3305 iniquitate
913 3221 1197 3304 interpretantium
1221 3223 1357 3288 benevo-

217 3328 316 3392 lentia
339 3327 419 3392 adeo
443 3326 581 3409 confido,
613 3330 651 3390 ut
674 3348 712 3390 ea
735 3347 773 3390 eo
795 3326 868 3410 ipso
893 3347 1008 3411 genere
1032 3326 1174 3410 reliquae
1199 3328 1356 3394 orationis

217 3456 307 3498 meae
331 3437 559 3518 argumentum
582 3437 691 3516 petere
716 3432 799 3517 apud
826 3455 875 3497 me
898 3431 1131 3498 constituerim.

306 3539 450 3604 Laudare
474 3541 508 3604 in
530 3539 724 3606 l'ainnnroo
749 3539 936 3604 Gvinnnuo
960 3539 1008 3604 Ill
1033 3541 1257 3606 consuevimus
1282 3543 1357 3606 sim-

216 3647 394 3730 plicitatem
419 3669 578 3712 sumniam
602 3651 697 3731 atque
721 3647 970 3730 ingenuitatem,
993 3646 1125 3712 laudare
1149 3650 1357 3715 consiliorum

216 3753 488 3818 considerantiam
511 3757 545 3817 et
567 3751 901 3835 circumspicientiam,
924 3753 1056 3817 laudare
1079 3752 1197 3839 agendi
1219 3754 1356 3838 pruden-

216 3863 308 3943 tiam,
331 3861 432 3924 animi
455 3860 685 3942 constantiam,
708 3861 794 3924 vitae
817 3859 1040 3943 frugalitatem
1061 3881 1098 3926 ac
1117 3859 1356 3943 parsimoniam,

216 3988 342 4030 morum
366 3963 573 4046 modestiam,
600 3987 708 4029 rerum
732 3964 876 4029 omnium
900 3965 1132 4054 continentiam
1156 3969 1252 4048 atque
1276 3969 1356 4028 tem-

215 4072 410 4154 perantiam:
434 4075 466 4136 et
489 4074 538 4135 est
560 4070 641 4135 haec
664 4073 809 4154 profecto
833 4071 904 4136 laus
928 4071 1108 4136 iustissima
1130 4075 1164 4135 et
1181 4071 1355 4154 plurimum

214 4177 338 4240 habens
358 4175 613 4261 approbationis,
633 4180 729 4260 atque
748 4177 909 4260 imprimis
928 4198 1003 4241 raro
1022 4177 1180 4240 intereos
1200 4176 1355 4259 exemplo,

216 4283 332 4367 quibus
360 4283 394 4346 in
423 4304 521 4346 manu
549 4285 703 4364 potestas.
749 4281 870 4357 Quodsi
898 4283 1014 4347 iisdem
1041 4281 1136 4348 nobis
1164 4305 1201 4346 ea
1230 4283 1354 4366 praedi·

215 4389 317 4453 canda
341 4392 425 4472 sunt,
448 4409 531 4472 quae
554 4387 588 4451 iu
610 4389 840 4472 augustissimo
859 4388 927 4454 filio
947 4389 1084 4454 maxime
1104 4388 1299 4468 admiremur
1322 4394 1356 4454 et

214 4498 344 4581 praeter
368 4481 474 4560 cetera
497 4494 719 4578 suspiciamus,
742 4495 875 4579 numqui
899 4495 972 4560 illas
990 4494 1197 4578 potissimum
1219 4495 1354 4560 virtutes
