3332 5074
522 412 787 461 uusununuours
810 413 1018 461 resv'rrusn.
1275 397 1341 462 403

286 553 337 620 Ne
360 555 532 639 exprobra,
558 559 665 639 pater:
696 555 800 620 multa
824 555 981 621 eueniunt
1002 553 1140 640 homini,
1168 577 1250 640 quae
1273 556 1343 620 uolt

1046 664 1131 746 quae
1154 663 1275 728 neuolt

200 802 343 879 Quorum
366 801 472 886 primo
497 803 601 869 deleto
625 825 672 868 mc
696 806 864 887 autpoter
885 803 1023 868 tioium
1045 803 1175 884 offendet
1198 806 1341 869 eutium

197 908 247 971 hic
267 909 361 991 pdtcr
389 909 520 989 offendet
546 911 649 975 scribe
659 908 704 998 *):
738 911 839 976 altero
861 911 912 976 vel
941 909 995 974 Νέ
1006 915 1099 994 puter
1120 911 1342 994 aeyritu‘dincm

198 1015 255 1079 citi
281 1013 358 1080 licet
385 1015 437 1080 vel
464 1017 567 1080 lenius
595 1017 645 1081 Nc
671 1017 895 1099 adoritudiudm
923 1017 979 1081 tciri
998 1022 1092 1101 puter
1118 1018 1341 1108 transponere,

197 1123 248 1188 vel
277 1122 455 1188 rectissime
485 1124 629 1189 omnium
652 1123 702 1189 Ne
728 1124 950 1208 adoritudiue'm
967 1129 1059 1207 paor
1081 1121 1212 1210 titi**):
1244 1125 1341 1189 tertio

196 1230 249 1294 uel
270 1233 364 1311 pater
389 1229 510 1294 tdrniuc'
535 1231 681 1295 eueniunt
706 1231 806 1295 mutim
833 1231 884 1295 vel
914 1230 1081 1315 aliquante
1104 1233 1137 1296 et
1161 1231 1284 1316 gratius
1309 1234 1342 1296 et

198 1335 375 1401 modestius
399 1337 493 1420 pate'r
520 1337 619 1402 multa
647 1337 768 1402 homiui
796 1337 952 1402 eueniunt.
996 1337 1135 1402 Restant
1164 1337 1227 1404 duo
1258 1338 1341 1403 sola:

199 1465 281 1529 quae
300 1465 366 1508 non
384 1445 522 1528 possunt
540 1463 617 1508 sane
636 1443 748 1508 cedern
767 1444 893 1509 ratione
911 1444 1035 1509 incerta
1054 1443 1126 1528 dici,
1144 1443 1341 1510 Bacchidum

198 1547 258 1632 111,
282 1550 313 1633 6,
336 1549 357 1613 3
380 1551 413 1613 ct
434 1547 494 1632 ΙΙΙ,
517 1551 547 1634 2,
570 1552 613 1616 20
623 1550 707 1636 ***):

267 1708 329 1776 Se‘d
352 1707 481 1774 ueniam
505 1709 585 1774 mihi
608 1711 704 1796 quim
728 1713 862 1796 grauate
885 1699 977 1794 pitter
1000 1710 1090 1776 dedit
1112 1711 1150 1777 de
1175 1710 1341 1798 Chry'salo.

263 1807 396 1882 Pdtrem
420 1815 539 1883 sodalis
563 1819 597 1882 et
613 1818 817 1902 magistrum.
839 1817 916 1882 hinc
934 1818 1135 1904 auscultabo,
1158 1820 1255 1903 quern
1273 1841 1341 1886 rem

1051 1928 1160 2010 agant

198 2065 333 2132 Hiscine
356 2065 458 2151 igitur
482 2065 608 2130 duobus
631 2064 775 2131 uersibus
800 2064 832 2130 id
855 2062 977 2130 iactum
1002 2087 1071 2130 esse
1094 2070 1222 2151 praeter
1244 2068 1341 2134 ratio·

198 2194 273 2237 nem
297 2171 472 2256 credemus,
495 2173 581 2258 quod
604 2173 639 2237 in
661 2171 819 2256 exemplis
843 2193 901 2256 per
924 2171 1039 2257 viginti
1063 2171 1191 2238 fabulas
1215 2173 1342 2240 circiter

199 2279 386 2364 quingentis
404 2279 527 2344 fectum
547 2280 591 2344 sit
608 2282 776 2364 praeterea
796 2278 996 2363 numquam?
1019 2281 1115 2364 atque
1134 2277 1166 2344 id
1184 2279 1343 2364 inprime

198 2407 239 2450 ne
262 2386 303 2450 ab
327 2385 421 2454 initio
446 2385 575 2472 quidem
598 2407 724 2469 versus,
751 2385 786 2450 in
816 2386 918 2451 altero
942 2384 1048 2469 magis
1071 2386 1169 2450 etiam
1193 2391 1343 2472 suspecta

199 2490 358 2576 ecthlipsi,
379 2477 465 2576 quod
484 2515 503 2557 e
522 2491 646 2558 duabus
666 2491 918 2557 consonantibus
939 2489 1043 2557 'altera
1062 2491 1190 2576 syllaba
1207 2492 1342 2577 incipit?

198 2596 316 2664 Credat
348 2599 404 2683 qui
435 2599 565 2684 poterit
604 2599 656 2664 'Et
687 2598 735 2664 illi
768 2597 896 2684 quidem
928 2599 1033 2664 versui
1068 2600 1120 2663 sat
1152 2599 1342 2664 concinnem

198 2705 338 2788 speciem
361 2705 428 2769 iam
450 2702 656 2770 Hermannus
678 2703 836 2768 restituit:

287 2846 348 2914 Sed
371 2846 426 2912 ille
449 2847 578 2913 ueniam
601 2846 698 2931 quem
720 2849 856 2931 grauate
878 2844 964 2911 mihi
988 2845 1077 2912 dedit
1098 2805 1137 2912 dd
1161 2846 1333 2930 Chry'salo:

199 2989 338 3055 alterum
361 2989 429 3056 fors
451 2990 522 3056 fuat
544 3012 586 3055 en
609 2992 706 3074 poete
730 2989 775 3053 sic
797 2986 934 3053 dederit:

287 3121 351 3198 Mti
374 3137 501 3219 patrem
525 3129 646 3197 eodtlis
670 3133 703 3196 et
726 3127 930 3218 magistrum.
968 3133 1129 3216 ausculto,
1151 3133 1248 3222 qudm
1271 3155 1341 3199 rem
1356 3156 1429 3198 ourx

1051 3243 1159 3324 egent

198 3347 367 3414 Postremo
390 3345 597 3412 Phormionia
620 3342 675 3429 IV,
699 3345 730 3428 2,
755 3344 810 3410 11:

286 3488 386 3554 Pater
407 3489 506 3556 uenit.
553 3487 609 3554 sed
632 3485 709 3572 quid
732 3485 887 3570 pe'rtimui
911 3489 1020 3551 autem
1044 3485 1143 3552 belua

199 3653 265 3697 non
297 3631 409 3696 dubito
443 3632 520 3715 quin
552 3635 609 3697 aut
630 3630 685 3696 sed
711 3632 769 3694 aut
795 3631 899 3694 autem
925 3627 1084 3712 particula
1112 3627 1219 3694 delete
1248 3627 1344 3694 Pater

197 3737 285 3803 uiuit
306 3737 582 3822 pronuntiandum
607 3737 658 3802 sit

304 3965 428 4040 ⁶)[nom
449 3965 507 4022 iam
529 3965 574 4021 uu
596 3965 712 4035 offendet
735 3963 851 4020 ‘deletis
875 3963 1071 4034 glossematis’
1091 3961 1120 4018 in
1139 3961 1262 4018 editione
1280 3960 1342 4015 Rit-

198 4055 320 4112 schelius
338 4055 437 4128 dedit]
1003 4039 1017 4060 “

286 4145 328 4214 **)
348 4143 440 4217 [funi
463 4143 574 4200 veniam
596 4143 683 4198 habet
706 4143 864 4212 correptum
884 4146 967 4210 pour
991 4141 1030 4207 (h.
1050 4157 1073 4196 e.
1088 4144 1163 4210 pate'
1182 4141 1343 4209 nonnata),

196 4239 229 4290 nt
246 4253 273 4290 v.
291 4240 353 4304 eol,
371 4235 468 4289 umen
486 4231 580 4288 nescio
598 4248 635 4287 an
652 4229 752 4299 lenius,
771 4247 835 4286 cnm
853 4232 949 4300 posset
966 4227 1344 4300 simplicissimesseripeerit

197 4324 283 4394 poeta
301 4323 376 4393 qnod
394 4321 463 4378 olim
481 4321 576 4392 penui,
603 4318 633 4376 id
657 4320 733 4390 quod
751 4319 814 4389 ipsa
832 4319 1018 4388 collocatione
1036 4318 1184 4374 verberum
1203 4332 1343 4378 commen·

198 4411 260 4469 dari
278 4412 409 4470 videtur.'
429 4410 532 4482 Trin.¹]

268 4499 325 4572 m)
347 4500 400 4573 [cf.
420 4501 520 4572 Opnae.
540 4499 609 4570 phil.
629 4499 668 4554 IV
686 4516 714 4569 p.
732 4503 785 4554 404
803 4497 910 4570 annot]

1078 4582 1129 4639 26*
