3332 5074
324 387 389 454 406
507 457 510 462 ,
612 404 874 455 rnonnaouurm
897 405 944 452 nu
969 403 1177 454 narromevs

324 550 441 616 aetatis
466 571 525 614 usu
549 549 687 634 probata
704 550 776 633 ipsa
795 547 959 614 scribendi
976 548 1082 613 forma
1100 547 1342 633 exprimeretur,
1364 549 1467 614 multo

323 656 430 722 minus
454 655 607 722 eredibila
631 657 731 722 videri
756 657 911 723 debuerat
934 656 1020 724 binis
1044 655 1180 740 syllabis
1204 656 1245 721 ab
1265 655 1322 720 illo
1341 656 1469 739 pauoris

289 840 295 852 ν
324 768 357 829 et
387 764 465 846 filiis
497 763 584 828 elata
617 784 696 828 esse.
747 759 899 829 Ceterum
932 785 997 830 non
1029 781 1209 847 repugnare
1243 761 1469 847 genetivorum

323 892 397 934 vere
420 873 661 936 contractorum
685 870 845 953 exempla,
877 872 915 934 ut
937 869 1091 936 clarentum
1112 891 1171 952 pro
1195 869 1361 934 elumolium
1383 867 1468 934 Men.

323 975 380 1062 IV,
394 978 424 1061 2,
439 978 469 1062 6,
492 977 598 1062 quivis
622 975 785 1062 perspicit,
807 975 870 1040 nisi
894 975 949 1060 qui
973 996 1010 1040 ax
1034 997 1082 1060 eo,
1105 973 1191 1060 quod
1214 976 1315 1041 etiam
1337 977 1468 1042 aetolum

324 1083 474 1168 genetivo
499 1089 532 1149 et
554 1086 644 1150 mom
666 1082 804 1148 Plautus
827 1104 914 1166 usus,
937 1082 1108 1148 oonoludat
1130 1081 1315 1147 celatorum
1338 1087 1371 1148 et
1392 1085 1469 1150 deo·

323 1211 403 1256 rum
426 1190 547 1256 formas
571 1191 618 1257 ita
640 1190 920 1276 pronuntiatas
944 1211 1013 1253 esse
1036 1191 1073 1254 ut
1095 1191 1162 1253 tres
1185 1191 1315 1253 tantum
1335 1195 1368 1255 et
1386 1190 1469 1257 duaa

224 1319 310 1360 anxir
325 1297 470 1381 syllabae
500 1297 696 1364 audirentur.
747 1295 950 1380 Quamquam
980 1295 1008 1360 si
1039 1295 1190 1360 volumus
1220 1317 1333 1360 rarum
1362 1295 1468 1384 fateri,

324 1384 389 1469 non
413 1404 499 1470 aliud
523 1427 600 1470 sane
623 1404 747 1470 faciunt
770 1403 825 1488 qui
849 1402 938 1467 velut
961 1403 1083 1468 diuitias
1101 1402 1133 1466 in
1154 1402 1242 1466 exitu
1261 1425 1372 1468 versus
1392 1404 1468 1470 rcri-

325 1511 407 1576 bunt
429 1510 480 1575 vel
503 1511 632 1577 sciebam
659 1513 694 1576 in
717 1510 875 1596 principio
899 1509 1064 1574 trochaici.
1088 1545 1131 1556 -
1154 1506 1202 1574 Vt
1224 1513 1333 1574 autem
1355 1511 1388 1574 in
1411 1511 1493 1578 no-'

326 1617 465 1682 minibus
495 1620 509 1683 i
536 1619 666 1684 litterae
697 1613 872 1702 synizesim
903 1615 965 1681 sibi
996 1616 1161 1700 propriam
1185 1614 1285 1681 habet
1307 1617 1383 1697 dias,
1417 1619 1468 1684 cui

251 1739 253 1742 ·
325 1724 489 1810 addendus
518 1727 631 1791 trium
658 1724 826 1811 genetivus
851 1723 937 1789 Trin.
961 1724 1026 1788 848
1054 1721 1145 1808 (nam
1173 1721 1212 1787 de
1240 1723 1316 1787 lien
1339 1727 1372 1788 et
1394 1725 1467 1790 (lie-

324 1837 444 1898 rootus
472 1833 651 1900 rectissime
681 1855 784 1918 nuper
812 1829 1018 1896 Hermannus
1049 1829 1192 1915 statuit),
1225 1831 1271 1894 ita
1301 1830 1335 1895 in
1358 1832 1466 1897 verbis

323 1961 424 2024 prope
453 1963 554 2006 unum
580 1943 670 2007 solo:
702 1939 793 2005 euius
815 1937 940 2003 formae
963 1937 1147 2022 bisyllabae
1170 1958 1283 2002 omnes
1307 1939 1469 2024 monosyl-

306 2045 434 2132 ⁸labam
460 2046 772 2130 pronuntiationem,
806 2043 1003 2128 bisyllabam
1032 2043 1222 2129 trisyllabae
1250 2065 1367 2128 passae
1392 2049 1468 2110 sunt

324 2152 523 2238 saepissime.
569 2153 736 2219 Accedunt
763 2153 814 2217 his
842 2153 901 2218 uis
923 2154 980 2218 ait
1001 2151 1240 2236 monosyllaba,
1271 2152 1468 2236 bisyllabum

324 2259 447 2324 olbam
470 2281 540 2324 oum
566 2260 682 2326 ceteris
706 2256 902 2346 personis*),
925 2280 1101 2344 numquam
1126 2261 1236 2323 autem
1260 2257 1300 2323 ad
1318 2259 1469 2325 similitu·

325 2365 432 2429 dinem
459 2366 520 2431 saio
548 2367 580 2429 et
606 2366 708 2430 scireut
734 2364 912 2430 formarum
942 2363 1039 2428 etiam
1063 2363 1114 2428 aab
1138 2367 1171 2428 et
1193 2366 1285 2431 aiunt
1306 2366 1469 2452 monosyl-

320 2471 410 2537 laba.
454 2469 581 2535 Horum
604 2473 712 2535 autem
735 2469 880 2536 omnium
907 2469 990 2535 nihil
1015 2470 1056 2535 ad
1079 2473 1188 2537 oetera
1211 2473 1310 2539 rerba
1334 2477 1468 2558 quartae

326 2577 563 2663 coniugationis
591 2577 747 2642 tralatum
775 2580 838 2662 est,
870 2598 928 2642 neo
955 2580 1085 2660 praeter
1107 2576 1332 2663 imperitatum
1360 2581 1468 2645 audi-

325 2685 419 2763 bam,
442 2685 477 2749 in
500 2706 564 2770 quo
583 2683 672 2748 utin
695 2683 832 2750 scibam
855 2682 1011 2768 synizesis
1031 2705 1146 2749 noram
1168 2707 1302 2770 eamque
1321 2691 1469 2752 constan-

326 2793 391 2854 tem
409 2789 548 2855 formam
567 2789 750 2874 procreavit
767 2789 839 2875 ipsa
858 2789 1019 2874 scriptura
1038 2811 1232 2874 expressam,
1250 2791 1353 2856 ullam
1372 2791 1468 2856 fidem

299 2968 301 2972 ,
325 2896 484 2980 bisyllaba
507 2899 636 2963 audium
657 2897 770 2962 audias
792 2896 903 2962 audiat
924 2897 1057 2962 urrdiont
1078 2896 1200 2962 habent
1223 2898 1274 2963 vel
1296 2898 1469 2983 trisyllaba

198 3069 201 3076 ,
325 3005 492 3070 audiamus
514 3005 664 3084 audiatis,
692 3026 751 3069 neo
773 3003 848 3087 plus
872 3003 947 3068 fidei
967 3003 1086 3085 facium
1110 3007 1142 3068 et
1164 3006 1299 3087 ooapios
1322 3027 1395 3071 cum
1418 3028 1468 3072 oe-

326 3111 418 3176 teris:
440 3111 557 3176 nedum
581 3117 618 3176 ut
640 3111 789 3177 nuntiabo
812 3115 845 3176 st
868 3109 989 3176 similia
1012 3115 1180 3178 eontracta
1203 3112 1277 3178 sint
1319 3113 1468 3178 Afferunt

326 3240 343 3282 e
367 3216 515 3303 Captivis
537 3215 596 3299 ΙΠ,
618 3217 648 3302 b,
671 3218 692 3282 5

431 3359 516 3426 Nam
541 3361 667 3444 semper
689 3363 805 3425 ooeant
825 3357 917 3444 prius
940 3381 1037 3446 quam
1059 3359 1205 3426 sarriunt
1226 3360 1355 3426 rustici:

325 3501 448 3566 nemini
478 3501 511 3566 in
541 3504 682 3566 mentem
712 3500 801 3566 venit
829 3503 929 3566 sarire
958 3500 1082 3567 formas
1110 3502 1251 3586 simplici
1278 3503 1468 3588 rsoriptae,

327 3627 408 3692 quaa
426 3628 493 3671 non
511 3605 623 3672 dubito
644 3607 720 3691 quin
740 3607 835 3673 breve
848 3629 870 3673 o
887 3607 1021 3672 habeat:
1040 3610 1124 3674 unde
1142 3609 1337 3674 reddendum
1351 3609 1468 3674 Plauto

325 3713 456 3778 admunt.
480 3710 628 3779 Viderint
647 3713 748 3798 igitur
766 3735 863 3798 quam
887 3715 1116 3780 convenienter
1138 3716 1259 3782 rationi
1282 3717 1390 3801 agant,
1413 3717 1469 3800 qui

326 3843 400 3887 oum
427 3819 531 3884 tribus
561 3820 695 3904 syllabis
725 3842 745 3885 a
767 3820 883 3886 Plauto
912 3820 1016 3886 dictos
1044 3843 1115 3887 esse
1141 3822 1313 3889 verborum
1337 3845 1357 3887 a
1378 3825 1468 3888 orario

326 3927 579 4012 compositorum
609 3925 832 3992 coniunctivos
860 3948 981 4011 negare
1008 3933 1185 4013 nequeant,
1217 3933 1326 3996 tamen
1358 3931 1467 3995 neseio

327 4056 391 4119 qua
413 4032 588 4098 timiditate
611 4054 677 4097 non
700 4033 771 4098 ausi
793 4053 980 4116 peraesos
1006 4041 1138 4101 euenor
1160 4042 1370 4102 ooaueaoat
1392 4037 1468 4102 sori·

214 4141 402 4205 cumbere
426 4140 540 4224 plenas
564 4140 685 4205 formas
708 4139 743 4204 in
766 4141 815 4205 ius
837 4141 885 4205 iot
906 4141 976 4205 iant
997 4144 1150 4207 exeuntes
1173 4145 1300 4225 tenent,
1329 4143 1467 4228 synizesi

433 4332 459 4402 ⁸)
487 4333 529 4389 De
557 4331 723 4389 Bentleiano
750 4335 915 4404 praesepto,
948 4351 1004 4404 quo
1031 4334 1119 4390 solam
1147 4335 1321 4392 conbustam
1349 4335 1468 4392 formam

325 4419 568 4564 :Eblpimdfflarit
585 4420 719 4476 damnata
737 4419 885 4490 trisyllaba
902 4422 942 4489 (in
960 4422 1059 4480 Heaut
1071 4423 1104 4491 V,
1115 4430 1140 4494 1,
1150 4429 1193 4480 ol.
1212 4422 1325 4480 Phorm.
1339 4423 1388 4494 IV,
1398 4431 1422 4495 1,
1433 4425 1469 4495 6),
