3338 5072
565 357 829 410 nmnrrrours
853 357 1063 409 susurrans.
1322 344 1387 412 295

331 501 356 570 ὓ
395 502 543 570 ‘Codex
580 501 702 570 alter’
740 499 935 586 Oamerarii,
972 501 1246 570 ‘Deourtatus'
1284 504 1388 590 Porci,

241 614 370 697 praeter
397 610 458 677 hos
486 613 645 678 tractatus
673 633 693 676 a
721 608 875 694 (11111010,
907 608 1141 694 Ritterahusio,
1174 608 1326 699 Scioppio
1355 617 1388 678 01

240 720 342 804 nuper
365 717 534 784 aBothio:
559 717 638 784 olim
661 716 886 801 bybliothecae
910 716 942 784 S.
956 715 1146 785 Oorbiniaui
1165 716 1386 806 Frisingensis

241 825 288 910 (id
319 825 404 910 quod
434 825 514 890 haec
544 825 579 890 in
608 824 770 909 principio
800 823 971 908 inscriptio
995 826 1149 889 testatur:
1188 824 1259 892 ‘lib
1282 827 1345 892 iate
1369 827 1481 892 &xm

241 934 291 1000 106
314 933 424 1000 uraris.
453 934 476 1000 11
504 931 647 999 soicorbi
675 930 822 1018 iris1'g.'),
854 932 938 998 unde
961 953 1019 1016 per
1042 955 1122 1018 quas
1146 932 1386 1000 vicissitudines

240 1041 282 1108 ad
305 1039 526 1107 Camerarium
549 1039 733 1126 pervenerit
755 1037 952 1124 uescitur*):
976 1061 1041 1106 una
1063 1061 1135 1106 oum
1149 1038 1269 1106 Vetere
1291 1043 1325 1106 et
1347 1041 1386 1108 de

239 1148 334 1216 huius
356 1145 530 1214 heredibus
554 1149 682 1232 eruptus
706 1151 740 1212 et
762 1146 797 1212 in
819 1145 1040 1212 Palatinam
1062 1147 1175 1212 illatus
1198 1147 1307 1233 ibique
1329 1170 1386 1214 nu·

241 1277 331 1322 mero
357 1255 442 1320 1613
470 1257 603 1320 notatus
627 1257 661 1319 at
684 1253 811 1339 direpta
835 1253 986 1320 Palatina
1008 1253 1042 1320 in
1066 1252 1260 1322 Vaticanum
1283 1257 1387 1320 hans-

238 1364 336 1447 latus,
360 1361 415 1428 sed
439 1359 515 1426 hinc
538 1361 607 1426 aine
621 1359 742 1426 Vetere
760 1359 903 1427 Parisios
926 1359 1080 1446 abreptus
1103 1383 1188 1428 auno
1212 1360 1387 1447 superioris

240 1469 362 1536 saeculi
393 1485 586 1551 uxxxxvrr,
617 1467 716 1532 huius
750 1471 858 1532 autem
892 1490 920 1533 a.
943 1485 992 1532 xv
1029 1467 1258 1552 bybliothecae
1295 1466 1386 1534 Hei·
1425 1515 1432 1524 -

239 1575 532 1661 delhcrgensi
573 1573 752 1640 restitutus.
825 1571 972 1658 Scriptus
1010 1577 1061 1640 est
1097 1575 1228 1640 saeculo
1251 1573 1314 1642 XII
1350 1576 1385 1641 iu

241 1700 425 1751 ccxxxvrn
463 1681 661 1746 membranis
700 1681 825 1748 formae
864 1680 1062 1766 quadratae,
1104 1686 1212 1747 cetera
1248 1681 1386 1768 disparia

242 1789 454 1874 condicionis,
486 1811 621 1874 quarum
649 1789 754 1873 prima
781 1787 864 1854 nihil
892 1788 956 1854 nisi
984 1787 1168 1854 fabularum
1191 1787 1256 1854 XII
1278 1794 1386 1874 poste-

240 1897 373 1981 riorum,
395 1917 477 1981 quae
501 1895 591 1962 solae
609 1895 732 1981 insunt,
755 1894 894 1960 indicem
913 1895 947 1959 in
965 1895 1087 1980 pagina
1105 1896 1211 1980 prima
1230 1897 1386 1982 scriptum

238 2009 336 2071 tenet.
368 2001 516 2068 Videnda
540 2002 579 2067 de
603 2023 642 2068 eo
666 2024 748 2089 quae
766 2000 906 2068 diximus
926 2001 964 2066 de
983 2001 1059 2068 crisi
1074 2002 1178 2068 Pluut
1197 2025 1227 2087 p.
1242 2003 1386 2089 514sqq.

242 2111 309 2178 535
323 2133 393 2197 sqq.
422 2112 479 2191 [ε
504 2108 620 2193 Opusc.
648 2109 727 2194 phil.
750 2108 783 2174 II
811 2130 841 2192 p.
868 2109 930 2173 103
944 2129 1014 2194 sqq.
1045 2109 1108 2174 126
1123 2111 1216 2195 sqq-l·
1260 2109 1386 2176 Ibidem

240 2241 271 2304 p.
298 2218 360 2284 163
375 2239 422 2303 sq.
447 2219 504 2297 [=
526 2238 557 2300 p.
583 2215 623 2280 12
639 2217 722 2301 sqq.]
747 2215 843 2280 certis
872 2213 1073 2300 argumentis
1096 2214 1272 2302 docuimus,
1295 2216 1386 2301 prius

240 2348 337 2411 quam
360 2327 570 2390 decoloretur
593 2343 704 2388 omnes
728 2322 855 2388 fabulas
869 2321 930 2388 XX
949 2321 1152 2407 complexum
1175 2345 1255 2390 esse.
1285 2323 1386 2391 Manu

238 2455 298 2499 nec
326 2431 468 2516 eleganti
497 2429 637 2514 scriptus
665 2433 716 2494 est
743 2450 801 2494 nec
825 2428 950 2495 eadem:
985 2431 1156 2495 verborum
1179 2431 1386 2498 distinctione

241 2539 344 2606 multo
373 2539 472 2604 etiem
500 2558 598 2622 quam
627 2535 661 2600 in
683 2533 802 2600 Vetere
829 2535 1043 2620 perversiore:
1074 2559 1226 2604 versuum
1254 2537 1385 2604 distinc

237 2647 340 2732 tione,
362 2645 428 2711 nisi
450 2643 562 2729 paucis
584 2643 619 2708 in
646 2642 771 2709 scaenis
795 2643 958 2730 iambicis,
990 2643 1087 2728 plane
1114 2645 1219 2710 nulla:
1250 2667 1385 2712 numero

241 2775 391 2820 versuum
423 2753 457 2817 in
490 2749 628 2836 singulis
655 2749 784 2834 paginis
818 2750 1009 2835 plerumque
1040 2769 1139 2815 xxvi:
1171 2773 1385 2836 personarum

242 2861 429 2928 nominibus
454 2881 526 2925 cum
550 2879 739 2924 scaenarum
761 2857 867 2922 initiis
890 2860 962 2922 turn
984 2857 1099 2924 mediis
1123 2857 1157 2923 iu
1180 2857 1385 2924 sermonibus

244 2991 301 3053 per
323 2966 445 3052 primas
469 2963 582 3030 XVIII
604 2963 734 3030 fabulas
758 2963 907 3049 modicis,
939 2985 997 3049 per
1018 2961 1243 3030 'I'rinurnmum
1266 2963 1385 3031 Trucu

238 3077 426 3158 lentumque
445 3071 565 3156 paucis,
589 3071 644 3136 sed
663 3074 700 3137 ut
717 3061 819 3136 vacua
838 3071 1028 3157 plerumque
1048 3071 1157 3155 spatia
1175 3070 1291 3137 relicta
1310 3071 1384 3138 siut.

237 3181 286 3248 cf.
310 3181 349 3246 ad
374 3177 463 3244 Trin.
486 3200 515 3243 1.
537 3177 591 3244 45.
615 3178 680 3244 276
704 3181 870 3244 annotata
915 3176 1063 3262 Denique
1093 3177 1237 3243 ordinem
1261 3177 1384 3246 fabula·

238 3311 311 3354 rum
339 3286 438 3352 semel
467 3306 585 3351 moneo
614 3307 686 3350 cum
713 3285 748 3349 in
770 3282 832 3350 hoe
855 3287 925 3350 tum
948 3284 983 3350 iu
1005 3285 1053 3350 eis
1077 3306 1158 3369 quos
1180 3285 1268 3350 iufra
1289 3286 1385 3372 posui

237 3395 402 3462 codicibus
425 3392 562 3458 eundem
586 3413 681 3477 quem
703 3391 737 3456 in
758 3392 793 3456 B
817 3412 895 3456 esse.
911 3427 953 3436 -
976 3389 1060 3457 Mihi
1083 3395 1192 3457 autern
1215 3413 1288 3458 cum
1302 3391 1384 3460 Vra·

237 3501 386 3568 tislaviae
410 3498 541 3584 degenti
564 3497 734 3565 Decurtati
757 3498 885 3582 copiam
899 3495 1080 3564 Christiani
1093 3497 1225 3564 Baehrii
1248 3501 1383 3567 comitas

236 3607 378 3688 fecisset,
401 3606 462 3672 hac
485 3607 730 3690 opportunitate
754 3627 831 3672 usus
855 3604 1015 3671 Ernestus
1039 3603 1252 3672 Schneiderus
1275 3605 1384 3673 claris·

238 3714 339 3780 simus
363 3713 489 3798 collega
512 3716 662 3780 accurato
686 3713 833 3798 exemplo
848 3709 974 3778 ‘Plauti
988 3711 1219 3780 Truculentum
1239 3735 1256 3780 0
1275 3713 1383 3780 codice

238 3821 508 3906 Heidelbergensi
532 3817 738 3907 expressam'
763 3819 863 3885 edidit
890 3843 917 3884 a.
941 3835 1221 3888 cro1occcxxx1v.
1266 3819 1383 3906 Equo

237 3928 319 3994 illud
343 3949 469 4014 quoque
492 3949 686 4014 cognoscere
708 3928 800 4011 licet,
826 3927 862 3993 in
884 3926 945 3992 hac
967 3926 1096 4012 fabula,
1120 3931 1153 3992 01
1174 3927 1209 3992 111
1231 3926 1293 3994 hac
1317 3927 1383 4012 qui·

237 4035 310 4100 dem
338 4035 423 4120 sola,
455 4034 523 4100 sive
551 4034 658 4120 ipsum
685 4034 857 4100 librarium
886 4033 953 4098 sire
981 4033 1121 4118 aliquem
1145 4034 1302 4099 lectorem
1325 4033 1382 4098 ali·
1396 4061 1490 4104 mn

237 4142 365 4227 quando
394 4142 538 4227 coepisse
565 4162 659 4206 veros
682 4163 835 4207 versuum
858 4140 1085 4207 Plautinorum
1110 4140 1215 4206 exitus
1240 4145 1273 4206 01
1294 4141 1382 4225 prin-

236 4249 324 4333 cipia
349 4247 545 4334 interposita
567 4247 713 4332 lineola]
731 4251 860 4314 notare:
884 4247 918 4312 in
941 4269 1006 4332 quo
1028 4250 1138 4314 10111011
1161 4247 1294 4314 consilio
1317 4270 1383 4314 nou

237 4395 448 4404 maa*-

326 4475 353 4547 ⁸)
372 4476 426 4549 [61.
446 4476 547 4547 Opuao.
565 4475 636 4547 phil.
655 4476 682 4530 11
700 4493 727 4547 p.
748 4481 806 4532 104.
826 4477 865 4532 III
884 4493 911 4548 p.
930 4481 1016 4548 1310.
1037 4474 1114 4548 adn]
