3318 5072
298 391 363 458 568
388 408 552 457 vonannn
571 408 614 455 nu
634 407 706 455 naa
724 405 882 455 suessan
902 405 973 453 von
992 388 1210 454 nnsornon’s
1229 403 1406 452 susanam.

299 551 355 617 sed
378 550 538 617 delectum
560 549 626 615 acri
650 549 769 615 iudicio
793 571 832 615 ex
856 548 945 616 omni
963 547 1142 633 scripturae
1160 546 1335 634 farragine,
1357 547 1445 632 quic-

300 656 377 741 quid
401 656 452 721 vel
480 655 521 720 ed
543 655 779 741 intellegendas
810 655 978 742 scriptoris
1008 655 1186 720 sententias
1217 655 1269 720 rel
1301 654 1341 719 ad
1372 675 1444 738 per-

299 763 477 829 noscendae
505 761 780 847 addiscendasque
808 764 895 848 leges
923 762 1054 849 linguae
1084 763 1314 848 grammaticas
1336 761 1444 826 facere

300 869 475 935 videretur:
503 869 535 934 id
560 869 646 955 quod
669 870 704 934 in
727 870 918 936 scholastica
941 870 1113 956 disciplina
1136 869 1349 936 cummaxime
1373 889 1444 934 esse

300 976 511 1063 spectandum
542 998 654 1043 omnes
687 979 901 1044 consentiunt
952 977 1055 1063 Atqui
1086 975 1167 1041 illud
1198 976 1344 1061 profecto
1377 996 1445 1040 non

299 1085 420 1169 poterit
448 1083 622 1168 opprobrio
646 1083 742 1170 verti,
770 1084 856 1169 quod
879 1106 955 1170 pars
979 1105 1105 1168 eorum,
1127 1103 1209 1170 quae
1233 1083 1308 1148 huic
1330 1085 1444 1149 nostro

299 1192 450 1257 instituto
473 1188 630 1256 inservire
653 1190 824 1274 voluimus,
848 1195 963 1275 suapte
981 1195 1099 1256 natura
1117 1190 1216 1255 etiam
1235 1190 1276 1256 ad
1295 1190 1444 1256 criticum

300 1319 402 1385 genus
435 1298 591 1382 pertinet:
623 1297 656 1361 in
689 1298 842 1384 pleraque
874 1321 915 1364 ne
944 1299 1006 1363 hoc
1037 1298 1165 1382 quidem
1197 1297 1292 1363 cadit.
1338 1296 1445 1373 Quid?

300 1405 385 1490 quod
408 1402 564 1488 quasdam
588 1404 766 1489 scripturas
790 1405 1017 1471 annotavimus
1040 1408 1149 1489 aperte
1173 1404 1284 1488 falsas,
1306 1405 1445 1470 vocabu·

300 1514 407 1578 lorum
429 1510 552 1577 formes
575 1531 616 1575 ne
635 1509 775 1576 Graecas
799 1511 939 1597 quidem,
961 1511 1017 1577 sed
1041 1534 1178 1596 quarum
1203 1510 1326 1597 species
1349 1511 1445 1577 facile

300 1619 395 1685 fallat
421 1618 604 1703 imperitos,
630 1617 802 1684 verborum
831 1622 1008 1684 structuras
1036 1619 1173 1685 vitiosas
1203 1619 1332 1704 quidem
1361 1617 1446 1704 illas,

301 1724 357 1790 sed
384 1746 441 1790 cur
468 1723 535 1789 sint
563 1723 701 1790 vitiosae
727 1726 799 1809 ipsa
821 1724 929 1791 forma
951 1747 1016 1792 non
1040 1725 1221 1810 prodentes.
1266 1724 1358 1801 Quod
1380 1746 1444 1810 quo

301 1833 436 1899 consilio
459 1831 582 1897 factum
606 1831 663 1916 sit,
690 1852 757 1897 non
781 1836 832 1897 est
861 1831 992 1897 difficile
1015 1832 1056 1897 ad
1079 1829 1323 1918 assequendum.
1368 1831 1444 1897 Ete-

301 1940 369 2004 nim
392 1939 594 2024 propositum
617 1937 679 2004 hoc
701 1938 773 2022 fuit,
795 1943 841 2023 ut,
864 1939 1018 2024 aquibus
1037 1937 1263 2023 Xenophontis
1283 1938 1445 2003 Anahasis

302 2045 437 2112 tractari
467 2045 564 2128 solet,
592 2045 647 2130 qui
672 2047 751 2110 sunt
772 2043 840 2110 fere
863 2045 978 2110 tertiae
1007 2045 1120 2111 classis
1148 2045 1311 2131 discipuli,
1339 2045 1381 2110 ab
1404 2045 1446 2110 iis

302 2153 512 2238 consignatae
538 2151 573 2216 in
601 2152 749 2237 margine
778 2152 957 2237 scripturae
986 2152 1236 2238 diligentissime
1258 2152 1347 2219 domi
1369 2175 1445 2237 pen·

302 2262 491 2341 citarentur,
519 2280 592 2324 cum
615 2259 753 2343 receptis
777 2263 1059 2345 compararentur,
1086 2259 1347 2344 interutrasque
1370 2257 1447 2344 quid

302 2366 515 2433 intercederet
534 2365 731 2432 discriminis
755 2370 930 2451 erueretur,
953 2370 1045 2432 utrae
1069 2366 1151 2432 utris
1174 2371 1378 2450 praestarent
1401 2366 1447 2433 iu-

302 2475 472 2557 dicaretur,
495 2471 674 2558 harumque
693 2472 941 2539 meditationum
959 2473 1045 2540 ratio
1064 2473 1250 2539 redderetur
1268 2473 1446 2540 sciscitanti

245 2609 292 2651 vrr
307 2580 474 2666 magistro.
511 2578 604 2656 Quod
627 2601 700 2646 curn
722 2580 792 2645 fieri
810 2585 958 2665 nequeat,
980 2581 1044 2646 nisi
1068 2581 1095 2646 si
1118 2579 1214 2646 modo
1238 2581 1279 2647 ad
1307 2581 1446 2667 logicam

303 2685 470 2773 cogitandi
500 2707 647 2752 normam
678 2687 841 2752 sententia
871 2687 1033 2774 exigatur,
1063 2687 1173 2771 modo,
1202 2709 1343 2772 quonam
1373 2709 1446 2754 cum

223 2875 229 2884 ἡ
303 2815 362 2862 suo
386 2814 531 2879 quaeque
553 2793 626 2859 loco
649 2793 865 2877 grammatico
889 2793 1038 2878 singulae
1057 2795 1228 2860 verborum
1248 2795 1299 2859 vel
1323 2793 1446 2861 formae

301 2902 354 2967 vel
382 2899 638 2966 constructiones
666 2899 795 2966 vinculo
823 2899 1062 2980 contineantur,
1091 2903 1278 2985 quaeratur:
1306 2902 1446 2986 speravi·

302 3030 374 3073 mus
398 3007 467 3072 fore
490 3009 536 3090 ut,
559 3006 684 3072 sollerti
707 3006 835 3091 quidem
858 3011 1078 3091 praeceptore·
1090 3006 1222 3072 illarum
1245 3007 1446 3074 exercitatio·

302 3137 380 3190 num
404 3112 484 3179 duce
507 3115 541 3178 et
564 3112 782 3198 moderatore,
810 3117 844 3178 et
871 3113 1038 3199 ingenium
1061 3113 1255 3180 discentium
1278 3118 1447 3181 acueretur

302 3244 369 3289 non
396 3220 602 3286 mediocriter
629 3225 662 3286 et
688 3221 770 3285 satis
798 3220 941 3305 locuples
971 3221 1012 3286 ab
1036 3220 1077 3286 iis
1101 3227 1343 3306 compararetur
1365 3223 1445 3288 artis

294 3315 536 3416 'grammaticae
554 3327 703 3412 facultas,
725 3348 763 3392 ac
782 3327 916 3392 minimo
936 3325 1066 3412 quidem
1085 3328 1163 3393 illud
1183 3325 1232 3414 (id
1252 3329 1337 3415 quod
1356 3351 1447 3414 spec-

303 3435 437 3500 tandum
464 3433 527 3498 luit
553 3437 682 3518 praeter
705 3431 826 3520 cetera)
850 3433 1037 3500 chartarum
1060 3434 1236 3518 dispendio.
1282 3433 1447 3519 Quocirca,
1499 3427 1502 3434 “

304 3564 377 3608 cum
400 3540 504 3626 primo
528 3539 562 3604 in
584 3540 656 3606 loco
680 3541 749 3606 iure
774 3544 913 3626 ponatur
939 3540 1184 3606 accuratissima
1209 3542 1353 3627 cognitio
1377 3545 1446 3627 ety-

304 3647 484 3734 mologicae
506 3647 624 3732 partis,
651 3647 687 3712 in
709 3647 771 3712 hoc
793 3667 912 3732 genere
935 3646 1056 3712 versati
1079 3668 1189 3712 sumus
1211 3647 1386 3734 imprimis,
1409 3671 1447 3715 ac

304 3757 393 3822 locos
417 3753 621 3840 praecipuos,
642 3753 699 3839 qui
722 3755 799 3818 sunt
822 3753 861 3818 de
885 3753 1084 3838 accentibus,
1112 3752 1151 3818 de
1175 3753 1336 3839 dialectis,
1359 3755 1449 3834 Atti-¹

304 3883 415 3928 corum
438 3861 644 3946 potissimum
667 3861 874 3946 proprietate,
896 3860 936 3925 de
954 3859 1122 3925 nominum
1140 3843 1376 3947 verborumque
1394 3863 1446 3929 de-

304 3968 488 4052 clinatione,
506 3967 546 4034 de
559 3967 789 4034 vocabulorum
807 3965 1001 4034 formatione
1021 3971 1054 4032 et
1071 3967 1314 4053 compositione,
1331 3969 1448 4036 idonea

304 4075 523 4161 exemplorum
551 4073 758 4140 multitudine
786 4072 932 4138 videmur
961 4075 1120 4158 persecuti
1152 4095 1230 4140 essa
1278 4072 1341 4142 Sed
1369 4097 1446 4160 quo-

304 4182 401 4266 niam,
424 4186 461 4247 ut
482 4181 650 4267 praeclara
673 4179 768 4246 hodie
790 4183 841 4244 cst
863 4180 948 4247 ratio
971 4181 1164 4264 scholarum,
1187 4203 1227 4247 ne
1247 4182 1446 4265 syntecticae

304 4287 433 4372 quidem
457 4287 624 4355 doctrinae
655 4287 808 4354 tractatio
832 4287 938 4354 aliena
961 4292 1010 4354 est
1033 4290 1075 4354 ab
1099 4311 1210 4356 eorum
1233 4288 1448 4373 institutione,

305 4394 421 4478 quibus
446 4395 586 4461 traditur
608 4393 785 4478 Anabasis,
813 4394 889 4460 huic
916 4415 1042 4481 quoque
1065 4395 1176 4481 generi
1199 4395 1285 4461 haud
1308 4395 1448 4462 illibera-

305 4500 381 4564 liter
404 4500 636 4568 consulendum
659 4523 728 4566 esse
751 4501 952 4586 putavimus:
976 4505 1013 4566 ut
1034 4501 1177 4568 habeant
1200 4501 1361 4587 discipuli,
1382 4523 1447 4586 quo
