3332 5074
301 361 366 424 472
591 375 853 424 PROLEGOMENA
878 377 925 422 DE
947 376 1157 424 RATIONIBVS

301 519 434 584 Talibus
464 519 564 604 igitur
592 519 768 586 cavendum
796 523 847 584 est
868 541 908 584 ne
932 520 973 584 ad
996 518 1190 584 severiorem
1215 523 1367 586 accentus
1390 522 1446 586 cb·

301 626 527 708 servationem,
551 648 645 710 quam
671 647 753 710 quae
773 626 853 711 ipsis
873 627 980 710 poetis
998 627 1130 710 placuit,
1152 612 1305 712 umquam
1325 627 1445 694 exactis

301 733 340 796 de
369 733 621 816 transpositione
651 733 785 798 calidius
815 755 913 818 quam
941 733 1076 816 peritius
1106 735 1239 819 cogites,
1287 731 1447 817 Ceterum,

301 863 340 904 ne
364 840 426 904 hoc
449 839 724 924 praetermittam,
755 863 775 904 a
798 839 998 904 senariorum
1021 840 1115 924 initio
1140 840 1181 904 ad
1205 863 1294 925 eum,
1322 842 1376 926 qui
1398 839 1446 905 illi

301 944 488 1030 respondet,
513 947 771 1030 septenariorum
794 946 901 1012 locum
924 968 989 1011 non
1014 947 1109 1012 modo
1132 947 1369 1013 trochaicamm
1393 970 1447 1011 vo·

302 1075 375 1117 eum
399 1056 585 1138 oxytonesis
609 1055 730 1119 tralata
754 1056 813 1136 est,
836 1053 876 1118 de
900 1077 964 1139 qua
984 1077 1081 1139 supra
1101 1054 1181 1120 satis
1201 1053 1448 1138 disputavimus„

303 1159 359 1223 sed
388 1160 471 1224 raris
503 1160 658 1245 exemplis
689 1160 787 1224 etiam
822 1160 1052 1244 dactylicarum
1084 1161 1341 1244 paroxytonesis.
1387 1159 1447 1226 Cui

303 1265 573 1351 quemadmodum
597 1266 691 1332 elisio
714 1290 780 1332 non
804 1267 934 1332 obstitit
957 1267 990 1331 in
1014 1267 1072 1332 illo
1096 1268 1242 1351 exemplo

392 1408 586 1474 Bacchidem.
611 1409 770 1474 Vtramne
794 1412 872 1494 drgo
944 1461 1349 1475 .......

304 1552 352 1615 ita
374 1550 457 1614 nihil
481 1551 629 1636 impediit
651 1551 823 1636 quominus
847 1575 876 1636 p.
886 1551 1017 1618 cxuvrri
1036 1553 1129 1634 [394]
1149 1551 1359 1636 Captivorum
1379 1575 1449 1618 ver·

304 1679 376 1722 sum
400 1659 441 1722 ab
465 1658 516 1724 his
541 1658 646 1723 verbis
670 1658 863 1724 ordiremur:

1368 1463 1376 1496 i

393 1800 461 1866 Ten
484 1821 585 1885 negas
606 1798 611 1886 t
633 1801 815 1883 Tyndarum
838 1803 936 1866 esse?
981 1801 1075 1887 Nego
1100 1824 1160 1888 ego
1215 1855 1220 1866 .
1281 1855 1287 1866 .
1348 1853 1354 1866 .

211 1965 290 2006 ccxn
393 1941 499 2009 Multo
532 1948 640 2008 autern
673 1943 777 2008 maior
807 1944 941 2008 libertas
973 1966 1045 2008 curn
1077 1945 1328 2039 ipsi'cretico,
1356 1943 1449 2010 ‘cuius

304 2071 375 2114 cum
401 2050 528 2114 senario
552 2051 779 2116 coniunctione
805 2051 1008 2134 septenarius
1032 2051 1191 2135 nascitur,
1214 2051 1451 2135 concederetur,

304 2157 406 2222 mixta
430 2157 526 2222 huius
548 2157 652 2241 partis
676 2162 709 2222 et
732 2157 801 2222 eiua
825 2180 907 2243 quae
931 2179 1002 2222 earn
1028 2158 1147 2242 excipit
1164 2157 1296 2222 licentia
1314 2158 1450 2223 incredi-

305 2265 379 2330 bilis
403 2269 476 2329 orta
499 2268 549 2329 est
570 2287 780 2329 numerorum
800 2265 1099 2350 varietasfqualem
1119 2265 1171 2329 vix
1191 2265 1291 2329 ullum
1313 2269 1451 2330 matrum

304 2393 381 2454 prae
413 2393 447 2434 se
475 2371 548 2436 fert
594 2368 662 2436 Nec
697 2373 812 2436 mirum
844 2372 1100 2456 septenariorum
1128 2371 1169 2436 ab
1198 2371 1294 2437 initio
1317 2371 1451 2436 licentia

306 2477 445 2541 multum
470 2477 670 2542 senariorum
693 2479 857 2543 licentiam
878 2479 1034 2563 superari,
1057 2501 1139 2563 cum,
1163 2502 1226 2564 quo
1246 2479 1301 2563 qui
1321 2478 1452 2563 longior

306 2605 419 2646 versus
442 2588 502 2667 est,
525 2605 563 2647 eo
586 2585 659 2669 plus
684 2583 782 2669 spatii
809 2589 842 2648 et
864 2585 975 2669 copiae
994 2607 1183 2650 concessum
1203 2587 1247 2650 sit
1265 2585 1305 2649 ad
1324 2586 1451 2671 neglec-

306 2693 360 2752 tae
384 2689 466 2755 artis
490 2691 701 2756 offensionem
725 2714 836 2756 rursus
861 2693 1098 2758 obscurandam
1122 2697 1155 2756 et
1177 2697 1344 2776 tamquam
1368 2713 1452 2756 corn·

306 2796 518 2880 pensandam:
552 2820 627 2861 nam
658 2798 738 2863 haec
769 2821 845 2862 vera
874 2821 990 2863 caussa
1020 2802 1070 2862 est
1100 2821 1157 2862 cur
1184 2799 1256 2883 plus
1287 2798 1327 2862 ab
1357 2799 1451 2862 initio

307 2924 405 2986 quam
428 2905 478 2968 vel
502 2905 536 2969 in
560 2904 665 2968 medio
689 2905 740 2968 rel
764 2905 797 2969 in
821 2908 967 2970 extremo
990 2927 1084 2970 versu
1107 2906 1228 2970 liceret.
1272 2903 1319 2969 Vt
1342 2910 1451 2970 autern

307 3010 447 3093 primum
476 3011 514 3075 de
542 3013 614 3096 ipso
643 3013 788 3076 cretico
817 3012 876 3076 illo
905 3034 1050 3077 seorsum
1074 3012 1192 3097 dicam,
1219 3012 1452 3076 recordandum

307 3119 357 3180 est
384 3115 435 3180 his
463 3138 535 3180 eum
563 3117 706 3182 metricis
734 3118 847 3202 figuris
876 3119 1011 3203 variari,
1044 3141 1124 3203 quaa
1153 3119 1237 3185 infra
1264 3117 1358 3202 posui
1390 3140 1454 3182 una

309 3243 380 3286 cum
404 3222 602 3309 insequentis
626 3224 727 3289 iambi
750 3223 863 3289 formis
890 3225 1030 3290 vicariis:

727 3365 832 3398 Lon
939 3364 1064 3400 ona

653 3435 832 3487 11me
940 3440 1063 3500 ,AB

726 3535 843 3576 roco
931 3542 1064 3589 wLT

718 3606 1029 3681 wewam)

654 3701 681 3753 Β
727 3721 833 3753 ι-.’

650 3788 834 3842 Gema

729 3840 887 3932 ,ωύυι

719 3900 888 4033 Μ

653 4055 888 4109 Drama*

728 4165 745 4196 .'
764 4155 845 4196 υυύυ
880 4134 888 4212 tt

311 4275 387 4316 nam
419 4261 455 4302 ὼ
472 4276 509 4302 w
527 4273 543 4303 -'
577 4261 609 4318 et
641 4263 677 4303 co
693 4275 730 4302 w
748 4261 783 4301 ὼ
816 4252 857 4317 ab
890 4253 1086 4336 reliquarum
1120 4251 1276 4317 societate
1309 4256 1456 4320 exclusas

313 4379 382 4422 esse
399 4364 534 4442 constat,
548 4358 633 4443 quod
652 4380 715 4423 non
735 4361 845 4442 potest
864 4359 1005 4424 trochaei
1023 4360 1130 4425 locum
1148 4360 1457 4442 proceleusmaticus

317 4465 484 4530 sustinere.
518 4465 639 4540 Quodsi
663 4463 835 4530 verborum
859 4465 987 4530 ordines
1011 4466 1046 4530 hi
1070 4468 1148 4530 sunt
1170 4469 1212 4529 ut.
1229 4465 1368 4532 creticus
1391 4489 1456 4532 uno
