3338 5072
558 395 820 444 nnannurronm
844 395 1051 442 nnnvrinna.
1320 377 1383 440 309

239 541 431 624 terpolatce:
456 538 602 624 qualium
624 539 659 604 in
684 561 816 605 numero
841 560 914 604 cum
932 539 973 604 H
990 541 1061 602 turn
1080 539 1119 603 K
1138 541 1224 622 sunt,
1246 537 1385 602 sortasse

239 647 337 712 etiam
365 646 410 711 lo.
439 644 609 728 Baptistae
641 645 691 710 Pii
723 645 866 729 itemque
899 643 1047 729 Dionysii
1078 643 1229 710 Lambini
1262 642 1385 728 ‘prisca

239 751 451 839 exemplaria’
479 752 531 818 vel
560 752 702 838 ‘antiqui
730 751 877 836 codices',
906 752 961 837 qni
990 757 1102 818 tamen
1124 755 1263 836 possunt
1286 749 1383 814 etiarn

239 883 371 946 prorsus
391 859 525 945 congrui
544 881 617 925 cum
640 860 732 926 Fae
754 858 864 924 fuisse.

327 966 378 1032 Ad
407 967 544 1032 mixtum
572 971 682 1032 autem
710 986 812 1052 genus
840 965 901 1031 etsi
930 965 962 1029 Z
981 965 1128 1050 proxime
1156 965 1292 1046 accedit,
1319 986 1385 1030 non

238 1078 348 1140 tamen
376 1075 436 1139 tali
464 1097 481 1140 e
509 1074 617 1140 codice
645 1095 798 1159 expressa
826 1076 889 1138 est:
920 1072 1021 1137 immo
1049 1075 1107 1136 aut
1135 1071 1251 1137 similis
1279 1071 1384 1138 nostri
1398 1087 1477 1128 xm

237 1184 273 1250 Ε
300 1183 383 1249 liber
411 1179 554 1248 Merulae
585 1183 714 1265 praesto
745 1181 808 1245 fuit
837 1184 1008 1263 utrumque
1038 1179 1071 1244 in
1102 1201 1136 1244 se
1165 1180 1385 1244 recensionem

239 1291 379 1374 socians,
410 1293 480 1374 aut,
511 1287 597 1374 quod
626 1286 791 1352 lubentius
822 1285 1014 1370 amplector,
1046 1284 1172 1349 duobus
1201 1283 1257 1348 ille
1287 1283 1384 1348 simul

240 1419 317 1462 usus
345 1399 407 1478 cst,
435 1417 571 1480 quorum
600 1395 682 1459 alter
709 1392 993 1476 interpolationem
1022 1390 1196 1476 integram,
1223 1391 1383 1477 integram

239 1502 406 1569 Vrsiniani
434 1501 626 1586 scripturam
656 1501 738 1566 alter
767 1499 910 1564 referret
956 1497 1005 1564 De
1034 1497 1226 1564 Trinummo
1255 1498 1384 1584 loquor:

238 1632 313 1675 nem
328 1607 524 1674 Bacchidum
545 1608 682 1692 quidem,
701 1605 934 1690 Mostellariae,
953 1603 1249 1689 Menaechmorum,
1267 1604 1384 1670 Militis

238 1721 335 1802 atque
354 1715 544 1782 Mercatoris
564 1715 698 1797 nullum,
720 1713 753 1778 id
773 1711 858 1800 quod
876 1713 947 1798 ipsc
965 1711 1181 1798 conqueritur,
1203 1711 1267 1776 nisi
1285 1712 1384 1776 inter·

237 1825 383 1908 polatum
406 1822 526 1888 librum
549 1820 632 1907 (sive
657 1817 806 1905 ‘libros’)
830 1823 946 1884 nactus
970 1824 1031 1903 est,
1056 1841 1206 1904 eumque,
1229 1822 1267 1882 ut
1288 1817 1384 1883 facile

237 1930 415 1996 conferenti
440 1934 545 2014 patet,
573 1929 731 2014 gliscente
754 1927 962 1994 librariorum
984 1926 1195 2011 neglegentia
1217 1924 1257 1990 ad
1281 1927 1383 1990 extre·

238 2059 323 2102 mam
355 2035 588 2122 turpitudinem
621 2035 841 2120 depravatum.
887 2032 950 2098 Sed
983 2037 1107 2117 septem
1134 2031 1267 2096 ultimas
1298 2031 1396 2096 idem*

236 2144 377 2209 lactatur
405 2143 583 2228 ‘simplices
612 2146 646 2208 et
672 2143 813 2208 intactas
842 2163 862 2205 a
889 2138 1093 2222 censoribus'
1123 2160 1192 2204 sese
1221 2138 1384 2222 habuisse,

237 2255 270 2315 et
302 2250 503 2336 ‘quanquam
535 2248 722 2334 mendosas,
760 2248 863 2313 multo
902 2250 1013 2312 tamen
1044 2243 1212 2310 veriores'.
1261 2243 1383 2310 Verum

237 2381 317 2442 quas
344 2358 486 2423 intactas
515 2358 653 2443 accepit,
681 2356 890 2421 vehementer
917 2358 1002 2419 erret
1028 2353 1083 2438 qui
1112 2352 1250 2418 intactas
1278 2351 1383 2436 publi·

239 2485 329 2528 casse
352 2469 459 2548 putet:
489 2468 568 2550 quot
595 2462 680 2528 enim
704 2483 721 2526 e
744 2462 873 2528 novicia
899 2461 1086 2526 recensione
1110 2459 1288 2542 scripturas
1311 2481 1384 2543 pur·

238 2570 297 2634 tim
320 2577 406 2636 recte
430 2571 551 2656 partim
574 2572 703 2654 practer
721 2569 891 2634 veritatem
911 2567 1069 2652 asciverit,
1092 2565 1231 2651 singulis
1255 2565 1383 2652 paginis

237 2678 404 2743 annotatio
428 2681 540 2744 nostra
562 2677 663 2742 docet.
710 2675 813 2752 Quem
837 2675 893 2740 ille
916 2674 1077 2740 delectum
1101 2694 1197 2758 saepe
1219 2694 1286 2738 non
1314 2671 1382 2737 sine

237 2784 357 2850 iudicio
383 2783 509 2851 babuit.
555 2782 617 2859 Qui
645 2804 718 2848 cum
746 2783 815 2847 iure
844 2803 903 2847 suo
931 2779 984 2869 (ut
1007 2803 1024 2846 e
1047 2779 1255 2844 multitudine
1278 2800 1382 2844 exem·

236 2891 364 2975 plorum
394 2913 451 2975 per
481 2893 625 2956 saturam
655 2888 813 2974 quaedam
844 2886 997 2973 delibem)
1031 2910 1050 2952 a
1082 2889 1262 2951 correctore
1293 2885 1383 2951 velut

236 2998 421 3064 wndceibc'le
452 2995 540 3082 (cum
572 2994 618 3083 A)
651 2995 827 3080 sumpserit
859 3017 887 3060 v.
920 2995 973 3077 36,
1004 3015 1035 3059 cs
1070 2991 1158 3078 (cum
1190 2988 1239 3078 B)
1273 3015 1300 3056 v.
1330 2991 1382 3072 47,

237 3104 400 3186 queem
429 3106 501 3189 132,
528 3107 609 3188 qrsod
634 3125 718 3169 meae
747 3104 823 3187 141,
851 3103 893 3166 ad
919 3107 946 3166 te
975 3101 1052 3183 161,
1080 3100 1126 3164 iu
1153 3103 1196 3164 est
1223 3097 1311 3182 (cum
1334 3097 1382 3184 A)

242 3209 312 3294 196,
339 3211 420 3292 quod
446 3211 520 3276 aba
543 3211 617 3294 250,
641 3211 716 3276 boni
739 3209 813 3293 272,
835 3229 899 3292 pur
922 3209 984 3272 tuis
1006 3205 1094 3290 (cum
1119 3203 1205 3291 AB)
1230 3204 1305 3287 279,
1332 3205 1381 3270 bo·

237 3319 351 3382 crinem
378 3315 466 3403 (eum
490 3315 572 3404 AG)
600 3317 674 3400 308,
701 3318 881 3399 quaedamst
908 3309 996 3401 (cn'm
1019 3312 1067 3400 B)
1096 3313 1170 3395 324,
1191 3317 1290 3401 porta
1316 3311 1380 3376 347

238 3423 325 3506 (cnm
344 3422 399 3508 A),
422 3443 465 3488 cn
486 3423 673 3489 5111115349
698 3422 785 3507 (cnm
809 3421 935 3487 eodem:
958 3442 1034 3485 nam
1058 3422 1185 3484 tantum
1210 3439 1380 3502 operarum

240 3529 320 3594 vitio
347 3530 468 3611 mimus
487 3528 704 3617 expressum),
731 3530 894 3613 101472,
921 3530 1010 3594 edom
1038 3527 1117 3611 474,
1144 3527 1260 3592 mirum
1286 3526 1321 3589 ui
1349 3529 1382 3590 tu

237 3637 316 3720 495,
342 3636 627 3721 transpositionem
656 3659 767 3702 versus
796 3636 861 3702 510
889 3635 978 3720 (cum
1006 3636 1075 3700 solo
1099 3633 1158 3720 A),
1185 3653 1284 3699 censes
1306 3631 1381 3715 563,

236 3745 380 3827 magnam
403 3750 467 3808 tom
490 3743 564 3827 574,
592 3745 679 3826 repis
701 3745 775 3826 680,
802 3763 903 3827 rogem
927 3743 1000 3826 758,
1028 3763 1065 3807 ec
1087 3742 1213 3807 sclerdc'e
1237 3741 1311 3824 771,
1330 3761 1379 3823 pe·

236 3873 301 3918 rere
323 3873 387 3916 rem
411 3851 484 3930 773,
508 3856 600 3916 terere
619 3851 692 3934 796,
715 3849 803 3914 hobel
821 3850 895 3932 868,
918 3848 1107 3914 absirmrium
1129 3870 1187 3932 pro
1210 3847 1381 3912 absentium
1504 3847 1509 3857 “

236 3959 311 4042 935,
338 3958 475 4024 aeirem
497 3979 556 4040 pro
579 3977 638 4038 quo
660 3958 738 4021 irem
761 3955 836 4039 956,
863 3955 911 4020 do
934 3957 977 4020 ad
998 3955 1072 4038 995,
1099 3973 1260 4036 nunquam
1287 3952 1380 4034 1004,

236 4085 333 4130 encres
356 4086 415 4148 pro
438 4063 574 4128 domines
600 4062 694 4146 1028,
721 4064 789 4128 istis
814 4062 909 4146 1043,
935 4082 1047 4143 nequeo
1074 4081 1134 4146 pro
1161 4065 1259 4124 uaeluo
1285 4059 1412 4144 1132„

236 4177 270 4236 tu
290 4172 378 4236 neum
405 4191 422 4234 c
450 4169 558 4236 Nonio
589 4169 688 4253 1156,
716 4169 833 4234 arbitro
863 4168 945 4233 1161
975 4167 1063 4252 (cum
1087 4165 1149 4252 Β),
1182 4165 1377 4249 omninoque

236 4301 274 4344 ea
304 4277 425 4360 omnia,
456 4298 475 4340 a
504 4276 621 4360 quibus
651 4275 888 4360 discrepantem
917 4278 1046 4339 tantum
1077 4273 1269 4357 scripturam
1302 4271 1379 4337 solis

236 4383 354 4450 additis
376 4381 543 4450 BODEe
564 4382 684 4448 litteris
706 4382 741 4446 in
765 4381 978 4448 annotatione
1001 4379 1177 4464 posuimus,
1200 4382 1237 4442 ut
1257 4399 1285 4442 v.
1304 4378 1378 4445 278.

237 4491 310 4556 311.
338 4490 413 4556 336.
441 4491 515 4557 354.
543 4485 621 4556 36οι
651 4493 760 4554 temen
789 4510 848 4554 nec
879 4488 913 4552 in
944 4485 1017 4552 aliis
1045 4491 1258 4551 correctorem
1287 4485 1379 4571 sequi
