3306 5070
288 415 355 480 682
666 431 900 480 nararurscna
924 431 1052 478 ranan.

289 597 378 640 mum
401 574 635 660 recogitamus,
662 576 779 660 quibus
808 573 985 659 primordia
1013 596 1072 639 sua
1095 574 1280 639 litterarum
1303 573 1431 638 univer·

289 682 370 746 sitas
385 681 615 766 Berolinensis,
633 682 904 748 instaurationem
924 683 964 746 ab
984 681 1188 746 institutione
1207 701 1273 745 non
1291 681 1430 744 multum

287 787 447 853 diversam
471 787 738 853 Vratislariensis
762 788 889 853 debent
923 787 1106 854 Contractis
1130 785 1248 852 finibus
1273 785 1314 852 ad
1337 787 1430 852 dimi-

287 894 374 959 diam
403 896 453 960 sni
476 899 602 979 partem
625 895 699 979 ipsa
722 895 837 960 civitas
860 895 1004 960 redacta:
1032 915 1073 958 ne
1096 894 1132 958 in
1153 893 1278 958 salvam
1300 899 1429 978 partem

287 1001 417 1086 quidem
449 1002 551 1067 libera
581 1001 771 1085 dominatio,
804 1001 860 1066 sed
890 1001 1181 1067 contumacissimis
1213 1000 1429 1085 superbientis

288 1109 420 1174 victoris
439 1109 565 1174 iniuriis
584 1111 682 1193 atque
700 1108 926 1174 vexationibus
945 1108 1083 1193 turpiter
1097 1107 1251 1172 coercita:
1271 1107 1430 1173 exhausta

287 1217 337 1282 vis
365 1216 527 1300 roburque
555 1215 808 1299 provinciarum:
841 1214 958 1280 aerarii
986 1214 1160 1280 difficultas
1188 1213 1337 1298 proxima
1363 1215 1429 1280 rni-

287 1344 363 1387 nae:
385 1322 510 1387 fractus
534 1325 567 1386 ct
590 1320 823 1408 propemodum
846 1320 992 1386 abiectus
1010 1321 1129 1385 civium
1148 1321 1289 1386 animus:
1313 1321 1429 1387 salutis

286 1449 345 1510 nec
368 1450 441 1513 spes
464 1449 522 1492 nec
545 1427 600 1492 via
621 1428 655 1492 in
679 1432 840 1514 promptu.
881 1426 949 1492 Nec
973 1431 1083 1492 tamen
1105 1431 1156 1492 tot
1178 1431 1352 1512 tantaeque
1375 1428 1429 1493 de·
1463 1433 1470 1444 '

286 1535 437 1619 sperandi
466 1556 601 1600 caussae
629 1535 803 1620 impetrare
832 1535 873 1600 ab
898 1534 1006 1600 animo
1030 1555 1105 1600 vere
1128 1535 1219 1620 regio
1243 1539 1429 1620 potnerunt,

285 1642 364 1726 quin
388 1641 516 1706 omissis
540 1641 774 1727 aliquantisper
797 1643 882 1707 euris
905 1631 1061 1726 proximis
1082 1645 1115 1708 st
1133 1642 1174 1707 ad
1192 1641 1280 1726 ipsas
1299 1641 1428 1708 vivendi

288 1747 600 1834 administrandiqne
623 1749 833 1814 necessitates
856 1748 1110 1834 pertinentibus,
1132 1746 1347 1814 Hnmboldtio
1371 1771 1427 1834 po-

285 1854 450 1919 tissimum
478 1859 610 1920 auctore
638 1859 671 1920 et
698 1876 831 1920 suasore
859 1856 898 1920 ad
922 1877 993 1920 eam
1017 1853 1197 1920 studiorum
1221 1854 1329 1920 sedem
1353 1877 1427 1921 con-

287 1959 425 2025 dendam
450 1983 520 2026 sese
543 1963 731 2047 applicaret,
754 1983 837 2046 quae
859 1983 925 2027 non
948 1961 1125 2027 multorum
1149 1981 1307 2026 annorum
1330 1961 1427 2026 inter-

286 2067 373 2133 vallo
398 2068 530 2152 optimis
558 2068 724 2134 doctrinae
751 2067 911 2132 fructibus
935 2071 1058 2133 ceteras
1083 2065 1277 2132 Germaniae
1300 2067 1428 2133 univer-

285 2175 401 2240 sitates
424 2180 593 2260 aequaret,
620 2175 803 2240 lautissimo
827 2175 936 2239 variae
961 2172 1152 2238 eruditionis
1175 2177 1334 2258 apparatu
1358 2175 1427 2241 uin·

284 2285 379 2346 ceret.
425 2281 513 2346 Talis
544 2282 645 2366 igitur
675 2281 831 2366 principis
861 2302 987 2346 sacram
1017 2280 1207 2345 memoriam
1237 2280 1323 2364 qnod
1353 2303 1427 2346 cnm

284 2386 550 2452 Berolinensibus
573 2410 633 2453 nos
656 2387 844 2452 Bonnenses
872 2385 1022 2470 hoodie,
1050 2387 1105 2471 qui
1128 2385 1184 2451 Illi
1211 2388 1330 2453 natalis
1355 2389 1427 2474 fuit,

284 2492 457 2577 quotannis
481 2493 667 2578 recolimus,
690 2516 729 2559 ea
751 2493 882 2578 pietatis
906 2514 944 2558 ac
966 2494 1166 2558 reverentiae
1190 2494 1427 2579 significatione

285 2621 351 2664 non
374 2600 481 2664 minus
505 2599 650 2683 proiecto
673 2599 775 2684 ipsius
795 2599 908 2665 virtuti
928 2621 1025 2685 quam
1045 2599 1146 2664 animi
1165 2599 1294 2664 affectui
1312 2605 1426 2666 nostro

284 2706 472 2772 satisfacere
503 2705 693 2772 videbimur.
744 2706 952 2790 Pertinetque
985 2705 1025 2770 ad
1058 2727 1130 2770 eum
1163 2727 1294 2771 sensum
1327 2709 1425 2773 etiam

284 2812 389 2898 magis
418 2813 624 2878 excitandum
653 2813 971 2897 confirmandumque
998 2814 1061 2878 hoc
1088 2813 1209 2897 ipsum,
1241 2813 1425 2898 quodcum

283 2918 379 2983 huius
407 2919 470 2985 diei
498 2918 718 2984 sollemnitate
747 2919 944 3003 sempiterno
969 2920 1095 2985 vinculo
1124 2920 1248 2986 sociare
1269 2920 1350 2986 lussi
1373 2943 1425 2986 su-

284 3047 365 3109 mus,
388 3026 600 3090 certaminum
623 3025 856 3090 litterariorum
879 3025 1067 3090 institutum
1090 3025 1363 3112 victoriarumque
1386 3050 1425 3092 ex

283 3129 349 3195 illis
382 3134 619 3215 reportatarum
651 3131 783 3217 publica
815 3129 1023 3196 renuntiatio.
1068 3131 1148 3196 Eius
1181 3132 1265 3198 enim
1299 3133 1425 3198 consilii

283 3237 349 3302 vim
372 3259 438 3302 non
460 3237 623 3303 immerito
647 3237 693 3302 sic
715 3237 1017 3321 interpretabimur,
1048 3240 1085 3302 ut
1111 3237 1292 3305 facinorum
1314 3241 1424 3325 potins

283 3342 412 3408 disertis
445 3343 646 3410 documentis
683 3367 780 3430 quam
808 3345 978 3410 verborum
1014 3343 1182 3409 lenociniis
1213 3350 1247 3410 et
1276 3349 1424 3433 quamvis

283 3449 439 3516 facundae
463 3450 622 3516 orationis
645 3450 813 3515 ieiunitate
840 3450 952 3516 laudes
975 3449 1240 3516 desideratissimi
1264 3452 1423 3538 Principis

283 3557 446 3622 emineant
464 3579 584 3642 suaque
604 3561 637 3622 et
654 3557 742 3624 insta
765 3579 862 3642 seque
885 3557 1036 3644 dignuin
1056 3559 1126 3622 lucc
1145 3558 1323 3624 collocatae
1341 3564 1424 3626 tam·

282 3685 380 3748 quam
399 3664 502 3729 oculis
521 3668 708 3749 appareant.
744 3664 830 3729 Nam
848 3665 933 3749 qnod
954 3670 1068 3750 suapte
1089 3669 1208 3730 natura
1230 3666 1300 3730 leve
1324 3667 1424 3732 videri

282 3774 401 3854 potest,
414 3793 515 3854 prope
534 3771 687 3856 pusillum
707 3774 815 3836 autem
834 3771 862 3836 si
882 3793 955 3836 cum
974 3775 1154 3836 ceterarum
1173 3793 1280 3836 rerum
1300 3794 1319 3836 a
1337 3789 1424 3838 urvo

281 3873 477 3943 Faroumco
497 3877 681 3944 leulcuno
701 3879 865 3962 praeclare
883 3881 1051 3962 gestarum
1068 3879 1119 3943 vel
1143 3878 1350 3944 multitudine
1372 3879 1424 3943 vel

283 3983 453 4066 splendore
477 3988 693 4069 comparatur,
715 3983 748 4048 id
772 3985 809 4068 si,
832 4005 895 4068 quo
919 3984 1055 4049 consilio
1075 3985 1241 4050 conditum
1261 3985 1312 4070 nit,
1336 4006 1423 4068 spec·

281 4094 398 4172 tamus,
422 4095 455 4156 et
477 4091 639 4156 landabile
659 4095 692 4155 et
710 4090 822 4155 efficax
844 4089 1005 4174 imprimis
1029 4112 1099 4156 esse
1121 4091 1352 4176 intellegimus,
1375 4095 1424 4155 at-

281 4221 343 4282 que
365 4197 412 4262 ita
435 4201 656 4283 comparatum
681 4199 718 4262 ut
740 4196 841 4261 animi
865 4218 937 4260 vere
965 4197 1048 4283 regii
1077 4198 1218 4264 indolem
1249 4198 1422 4263 manifesto

281 4304 472 4370 documento
492 4308 637 4369 testetur.
670 4303 795 4387 Quippe
813 4324 878 4369 non
897 4307 965 4368 tarn
984 4303 1063 4370 illud
1084 4303 1276 4389 suspicimus
1300 4309 1333 4370 at
1355 4304 1423 4370 lau-

281 4411 404 4495 damus,
423 4413 508 4496 quod
528 4411 659 4476 omnino
677 4410 799 4496 ingenii
818 4410 985 4476 exercendi
1003 4411 1185 4497 viriumque
1205 4412 1424 4496 augendarum

281 4516 458 4582 utilissima
481 4539 559 4583 sane
583 4517 810 4604 opportunitas
834 4517 959 4584 civibus
983 4517 1173 4584 academicis
1192 4540 1250 4602 per
1268 4517 1349 4583 hace
1366 4538 1423 4616 no·
