<?xml version="1.0" encoding="UTF-8"?>
<!DOCTYPE html PUBLIC "-//W3C//DTD XHTML 1.0 Transitional//EN"
    "http://www.w3.org/TR/xhtml1/DTD/xhtml1-transitional.dtd">
<html xmlns="http://www.w3.org/1999/xhtml" xml:lang="en" lang="en">
 <head>
  <title>
</title>
<meta http-equiv="Content-Type" content="text/html;charset=utf-8" />
  <meta name='ocr-system' content='tesseract 3.04.00' />
  <meta name='ocr-capabilities' content='ocr_page ocr_carea ocr_par ocr_line ocrx_word'/>
</head>
<body>
  <div class='ocr_page' id='page_1' title='image "./fridericiritsch07wachgoog_0546.png"; bbox 0 0 3318 5072; ppageno 0'>
   <div class='ocr_carea' id='block_1_1' title="bbox 540 400 1358 469">
    <p class='ocr_par' dir='ltr' id='par_1_1' title="bbox 540 400 1358 469">
     <span class='ocr_line' id='line_1_1' title="bbox 540 400 1358 469; baseline -0.001 -3"><span class='ocrx_word' id='word_1_1' title='bbox 540 419 805 469; x_wconf 76' lang='lat' dir='ltr'><strong>annansmonrs</strong></span> <span class='ocrx_word' id='word_1_2' title='bbox 828 419 1036 466; x_wconf 69' lang='lat' dir='ltr'><strong>curvamen.</strong></span> <span class='ocrx_word' id='word_1_3' title='bbox 1294 400 1358 466; x_wconf 78' lang='lat'><strong>529</strong></span> 
     </span>
    </p>
   </div>
   <div class='ocr_carea' id='block_1_2' title="bbox 214 560 1359 1606">
    <p class='ocr_par' dir='ltr' id='par_1_2' title="bbox 214 560 1359 1606">
     <span class='ocr_line' id='line_1_2' title="bbox 218 560 1359 648; baseline -0.004 -20"><span class='ocrx_word' id='word_1_4' title='bbox 218 579 350 628; x_wconf 72' lang='lat' dir='ltr'><strong>savavs</strong></span> <span class='ocrx_word' id='word_1_5' title='bbox 374 577 588 627; x_wconf 73' lang='lat' dir='ltr'><strong>Pnrnnnosrs</strong></span> <span class='ocrx_word' id='word_1_6' title='bbox 612 584 628 626; x_wconf 88' lang='lat' dir='ltr'><strong>c</strong></span> <span class='ocrx_word' id='word_1_7' title='bbox 652 562 790 648; x_wconf 81' lang='lat' dir='ltr'>prologo</span> <span class='ocrx_word' id='word_1_8' title='bbox 814 561 943 628; x_wconf 86' lang='lat' dir='ltr'><strong>fabulae</strong></span> <span class='ocrx_word' id='word_1_9' title='bbox 967 561 1110 626; x_wconf 78' lang='lat' dir='ltr'><strong>discitur.</strong></span> <span class='ocrx_word' id='word_1_10' title='bbox 1143 561 1248 626; x_wconf 84' lang='lat' dir='ltr'><strong>Vnius</strong></span> <span class='ocrx_word' id='word_1_11' title='bbox 1273 560 1359 625; x_wconf 90' lang='lat' dir='ltr'><strong>enirn</strong></span> 
     </span>
     <span class='ocr_line' id='line_1_3' title="bbox 217 666 1359 753; baseline -0.004 -19"><span class='ocrx_word' id='word_1_12' title='bbox 217 668 325 753; x_wconf 81' lang='lat' dir='ltr'><strong>graeci</strong></span> <span class='ocrx_word' id='word_1_13' title='bbox 351 667 488 751; x_wconf 85' lang='lat' dir='ltr'><strong>exempli</strong></span> <span class='ocrx_word' id='word_1_14' title='bbox 511 690 628 734; x_wconf 90' lang='lat' dir='ltr'><strong>nomen</strong></span> <span class='ocrx_word' id='word_1_15' title='bbox 650 669 785 734; x_wconf 80' lang='lat' dir='ltr'><strong>inscribi</strong></span> <span class='ocrx_word' id='word_1_16' title='bbox 809 668 941 733; x_wconf 85' lang='lat' dir='ltr'><strong>solitum</strong></span> <span class='ocrx_word' id='word_1_17' title='bbox 964 672 1027 751; x_wconf 85' lang='lat' dir='ltr'><strong>est,</strong></span> <span class='ocrx_word' id='word_1_18' title='bbox 1054 667 1183 732; x_wconf 88' lang='lat' dir='ltr'><strong>etiamsi</strong></span> <span class='ocrx_word' id='word_1_19' title='bbox 1206 667 1270 732; x_wconf 90' lang='lat' dir='ltr'><strong>duo</strong></span> <span class='ocrx_word' id='word_1_20' title='bbox 1293 666 1359 731; x_wconf 85' lang='lat' dir='ltr'><strong>fue·</strong></span> 
     </span>
     <span class='ocr_line' id='line_1_4' title="bbox 216 772 1357 859; baseline -0.002 -20"><span class='ocrx_word' id='word_1_21' title='bbox 216 778 293 839; x_wconf 88' lang='lat' dir='ltr'><strong>runt</strong></span> <span class='ocrx_word' id='word_1_22' title='bbox 316 796 399 859; x_wconf 89' lang='lat' dir='ltr'><strong>quae</strong></span> <span class='ocrx_word' id='word_1_23' title='bbox 422 774 542 839; x_wconf 88' lang='lat' dir='ltr'><strong>latinus</strong></span> <span class='ocrx_word' id='word_1_24' title='bbox 566 779 662 859; x_wconf 90' lang='lat' dir='ltr'><strong>poeta</strong></span> <span class='ocrx_word' id='word_1_25' title='bbox 685 776 720 841; x_wconf 90' lang='lat' dir='ltr'><strong>in</strong></span> <span class='ocrx_word' id='word_1_26' title='bbox 743 775 907 840; x_wconf 87' lang='lat' dir='ltr'><strong>condenda</strong></span> <span class='ocrx_word' id='word_1_27' title='bbox 929 775 1042 839; x_wconf 91' lang='lat' dir='ltr'><strong>fabula</strong></span> <span class='ocrx_word' id='word_1_28' title='bbox 1061 777 1189 840; x_wconf 87' lang='lat' dir='ltr'><strong>secutus</strong></span> <span class='ocrx_word' id='word_1_29' title='bbox 1208 777 1302 839; x_wconf 90' lang='lat' dir='ltr'><strong>esset.</strong></span> <span class='ocrx_word' id='word_1_30' title='bbox 1329 772 1357 837; x_wconf 81' lang='grc' dir='ltr'><strong>Ε</strong></span> 
     </span>
     <span class='ocr_line' id='line_1_5' title="bbox 216 880 1358 952; baseline 0 -8"><span class='ocrx_word' id='word_1_31' title='bbox 216 880 340 946; x_wconf 87' lang='lat' dir='ltr'><strong>duobus</strong></span> <span class='ocrx_word' id='word_1_32' title='bbox 364 885 473 946; x_wconf 89' lang='lat' dir='ltr'><strong>autem</strong></span> <span class='ocrx_word' id='word_1_33' title='bbox 497 882 595 952; x_wconf 89' lang='lat' dir='ltr'><strong>etiam</strong></span> <span class='ocrx_word' id='word_1_34' title='bbox 619 881 847 946; x_wconf 85' lang='lat' dir='ltr'><strong>Trinummum</strong></span> <span class='ocrx_word' id='word_1_35' title='bbox 871 905 890 946; x_wconf 93' lang='lat' dir='ltr'><strong>a</strong></span> <span class='ocrx_word' id='word_1_36' title='bbox 913 883 1029 947; x_wconf 87' lang='lat' dir='ltr'><strong>Plauto</strong></span> <span class='ocrx_word' id='word_1_37' title='bbox 1053 881 1358 947; x_wconf 88' lang='lat' dir='ltr'><strong>contaminatam</strong></span> 
     </span>
     <span class='ocr_line' id='line_1_6' title="bbox 217 985 1358 1074; baseline -0.003 -22"><span class='ocrx_word' id='word_1_38' title='bbox 217 1009 287 1053; x_wconf 86' lang='lat' dir='ltr'><strong>esso</strong></span> <span class='ocrx_word' id='word_1_39' title='bbox 310 987 345 1051; x_wconf 91' lang='lat' dir='ltr'><strong>in</strong></span> <span class='ocrx_word' id='word_1_40' title='bbox 369 987 500 1074; x_wconf 82' lang='lat' dir='ltr'><strong>egregia</strong></span> <span class='ocrx_word' id='word_1_41' title='bbox 523 989 797 1054; x_wconf 86' lang='lat' dir='ltr'><strong>commentatione</strong></span> <span class='ocrx_word' id='word_1_42' title='bbox 821 989 891 1072; x_wconf 88' lang='lat' dir='ltr'><strong>illa,</strong></span> <span class='ocrx_word' id='word_1_43' title='bbox 921 1011 1019 1073; x_wconf 87' lang='lat' dir='ltr'><strong>quam</strong></span> <span class='ocrx_word' id='word_1_44' title='bbox 1042 989 1082 1054; x_wconf 88' lang='lat' dir='ltr'><strong>de</strong></span> <span class='ocrx_word' id='word_1_45' title='bbox 1105 986 1247 1054; x_wconf 84' lang='lat' dir='ltr'><strong>Volcatii</strong></span> <span class='ocrx_word' id='word_1_46' title='bbox 1271 985 1358 1051; x_wconf 83' lang='lat' dir='ltr'><strong>Sedi-</strong></span> 
     </span>
     <span class='ocr_line' id='line_1_7' title="bbox 216 1091 1358 1181; baseline -0.002 -23"><span class='ocrx_word' id='word_1_47' title='bbox 216 1095 276 1180; x_wconf 82' lang='lat' dir='ltr'><strong>giti</strong></span> <span class='ocrx_word' id='word_1_48' title='bbox 300 1117 422 1159; x_wconf 89' lang='lat' dir='ltr'><strong>canone</strong></span> <span class='ocrx_word' id='word_1_49' title='bbox 450 1095 592 1179; x_wconf 87' lang='lat' dir='ltr'><strong>scripsit,</strong></span> <span class='ocrx_word' id='word_1_50' title='bbox 619 1094 823 1181; x_wconf 82' lang='lat' dir='ltr'><strong>Ladewigius</strong></span> <span class='ocrx_word' id='word_1_51' title='bbox 847 1095 999 1180; x_wconf 86' lang='lat' dir='ltr'><strong>coniecit,</strong></span> <span class='ocrx_word' id='word_1_52' title='bbox 1025 1100 1151 1180; x_wconf 89' lang='lat' dir='ltr'><strong>partem</strong></span> <span class='ocrx_word' id='word_1_53' title='bbox 1175 1091 1358 1179; x_wconf 80' lang='lat' dir='ltr'><strong>argumenti</strong></span> 
     </span>
     <span class='ocr_line' id='line_1_8' title="bbox 216 1199 1358 1287; baseline 0 -23"><span class='ocrx_word' id='word_1_54' title='bbox 216 1223 232 1264; x_wconf 90' lang='lat' dir='ltr'><strong>c</strong></span> <span class='ocrx_word' id='word_1_55' title='bbox 255 1199 427 1265; x_wconf 79' lang='lat' dir='ltr'><strong>Menandri</strong></span> <span class='ocrx_word' id='word_1_56' title='bbox 450 1203 707 1285; x_wconf 88' lang='grc' dir='ltr'>Παρακαταθήκῃ</span> <span class='ocrx_word' id='word_1_57' title='bbox 730 1207 880 1287; x_wconf 85' lang='lat' dir='ltr'><strong>repetens</strong></span> <span class='ocrx_word' id='word_1_58' title='bbox 904 1225 934 1286; x_wconf 89' lang='lat' dir='ltr'><strong>p.</strong></span> <span class='ocrx_word' id='word_1_59' title='bbox 953 1202 1055 1286; x_wconf 69' lang='lat' dir='ltr'><strong>ddsq.</strong></span> <span class='ocrx_word' id='word_1_60' title='bbox 1091 1199 1190 1266; x_wconf 80' lang='lat' dir='ltr'><strong>Cuius</strong></span> <span class='ocrx_word' id='word_1_61' title='bbox 1215 1199 1358 1265; x_wconf 92' lang='lat' dir='ltr'><strong>subtilis·</strong></span> 
     </span>
     <span class='ocr_line' id='line_1_9' title="bbox 216 1306 1358 1394; baseline -0.001 -23"><span class='ocrx_word' id='word_1_62' title='bbox 216 1308 317 1372; x_wconf 89' lang='lat' dir='ltr'><strong>simae</strong></span> <span class='ocrx_word' id='word_1_63' title='bbox 350 1307 564 1391; x_wconf 76' lang='lat' dir='ltr'><strong>disputationi</strong></span> <span class='ocrx_word' id='word_1_64' title='bbox 595 1330 661 1373; x_wconf 90' lang='lat' dir='ltr'><strong>non</strong></span> <span class='ocrx_word' id='word_1_65' title='bbox 693 1309 797 1374; x_wconf 90' lang='lat' dir='ltr'><strong>babeo</strong></span> <span class='ocrx_word' id='word_1_66' title='bbox 831 1308 916 1394; x_wconf 88' lang='lat' dir='ltr'><strong>quod</strong></span> <span class='ocrx_word' id='word_1_67' title='bbox 950 1307 1079 1374; x_wconf 85' lang='lat' dir='ltr'><strong>addam:</strong></span> <span class='ocrx_word' id='word_1_68' title='bbox 1116 1331 1190 1374; x_wconf 86' lang='lat' dir='ltr'><strong>nam</strong></span> <span class='ocrx_word' id='word_1_69' title='bbox 1219 1329 1291 1372; x_wconf 90' lang='lat' dir='ltr'><strong>oum</strong></span> <span class='ocrx_word' id='word_1_70' title='bbox 1320 1306 1358 1370; x_wconf 86' lang='lat' dir='ltr'><strong>dc</strong></span> 
     </span>
     <span class='ocr_line' id='line_1_10' title="bbox 215 1414 1358 1508; baseline 0 -30"><span class='ocrx_word' id='word_1_71' title='bbox 215 1435 331 1480; x_wconf 89' lang='lat' dir='ltr'><strong>caussa</strong></span> <span class='ocrx_word' id='word_1_72' title='bbox 359 1415 511 1508; x_wconf 80' lang='lat' dir='ltr'><strong>universa</strong></span> <span class='ocrx_word' id='word_1_73' title='bbox 538 1418 609 1479; x_wconf 89' lang='lat' dir='ltr'><strong>tum</strong></span> <span class='ocrx_word' id='word_1_74' title='bbox 637 1415 677 1478; x_wconf 90' lang='lat' dir='ltr'><strong>de</strong></span> <span class='ocrx_word' id='word_1_75' title='bbox 705 1415 842 1500; x_wconf 80' lang='lat' dir='ltr'><strong>singulis</strong></span> <span class='ocrx_word' id='word_1_76' title='bbox 870 1415 1070 1481; x_wconf 83' lang='lat' dir='ltr'><strong>documentis</strong></span> <span class='ocrx_word' id='word_1_77' title='bbox 1099 1414 1259 1480; x_wconf 89' lang='lat' dir='ltr'><strong>lubricum</strong></span> <span class='ocrx_word' id='word_1_78' title='bbox 1288 1434 1358 1478; x_wconf 88' lang='lat' dir='ltr'><strong>esse</strong></span> 
     </span>
     <span class='ocr_line' id='line_1_11' title="bbox 214 1509 1243 1606; baseline 0.003 -22"><span class='ocrx_word' id='word_1_79' title='bbox 214 1521 367 1586; x_wconf 90' lang='lat' dir='ltr'><strong>iudicium</strong></span> <span class='ocrx_word' id='word_1_80' title='bbox 390 1521 460 1606; x_wconf 88' lang='lat' dir='ltr'><strong>ipse</strong></span> <span class='ocrx_word' id='word_1_81' title='bbox 483 1543 548 1586; x_wconf 90' lang='lat' dir='ltr'><strong>non</strong></span> <span class='ocrx_word' id='word_1_82' title='bbox 571 1520 797 1587; x_wconf 82' lang='lat' dir='ltr'><strong>dissimulavit.</strong></span> <span class='ocrx_word' id='word_1_83' title='bbox 1236 1509 1243 1524; x_wconf 66' lang='grc'><strong><em>’</em></strong></span> 
     </span>
    </p>
   </div>
   <div class='ocr_carea' id='block_1_3' title="bbox 187 1698 1508 3704">
    <p class='ocr_par' dir='ltr' id='par_1_3' title="bbox 187 1698 1508 3704">
     <span class='ocr_line' id='line_1_12' title="bbox 303 1698 1358 1784; baseline -0.001 -20"><span class='ocrx_word' id='word_1_84' title='bbox 303 1699 419 1764; x_wconf 78' lang='lat' dir='ltr'><strong>Restat</strong></span> <span class='ocrx_word' id='word_1_85' title='bbox 445 1702 482 1761; x_wconf 91' lang='lat' dir='ltr'><strong>ut</strong></span> <span class='ocrx_word' id='word_1_86' title='bbox 509 1699 596 1764; x_wconf 89' lang='lat' dir='ltr'><strong>curis</strong></span> <span class='ocrx_word' id='word_1_87' title='bbox 624 1698 773 1764; x_wconf 79' lang='lat' dir='ltr'><strong>secundis</strong></span> <span class='ocrx_word' id='word_1_88' title='bbox 802 1721 876 1764; x_wconf 90' lang='lat' dir='ltr'><strong>oum</strong></span> <span class='ocrx_word' id='word_1_89' title='bbox 903 1700 1076 1784; x_wconf 81' lang='lat' dir='ltr'><strong>inpostea</strong></span> <span class='ocrx_word' id='word_1_90' title='bbox 1099 1699 1207 1764; x_wconf 86' lang='lat' dir='ltr'><strong>verbis</strong></span> <span class='ocrx_word' id='word_1_91' title='bbox 1230 1703 1301 1764; x_wconf 89' lang='lat' dir='ltr'><strong>tum</strong></span> <span class='ocrx_word' id='word_1_92' title='bbox 1324 1699 1358 1764; x_wconf 89' lang='lat' dir='ltr'><strong>in</strong></span> 
     </span>
     <span class='ocr_line' id='line_1_13' title="bbox 214 1805 1359 1894; baseline 0.001 -25"><span class='ocrx_word' id='word_1_93' title='bbox 214 1806 265 1870; x_wconf 89' lang='lat' dir='ltr'><strong>his</strong></span> <span class='ocrx_word' id='word_1_94' title='bbox 288 1805 533 1891; x_wconf 82' lang='lat' dir='ltr'><strong>Prolcgomenis</strong></span> <span class='ocrx_word' id='word_1_95' title='bbox 557 1807 714 1889; x_wconf 86' lang='lat' dir='ltr'><strong>quaedam</strong></span> <span class='ocrx_word' id='word_1_96' title='bbox 738 1807 789 1872; x_wconf 84' lang='lat' dir='ltr'><strong>vel</strong></span> <span class='ocrx_word' id='word_1_97' title='bbox 813 1808 973 1894; x_wconf 78' lang='lat' dir='ltr'><strong>corrigam</strong></span> <span class='ocrx_word' id='word_1_98' title='bbox 996 1808 1048 1872; x_wconf 85' lang='lat' dir='ltr'><strong>vel</strong></span> <span class='ocrx_word' id='word_1_99' title='bbox 1072 1809 1269 1874; x_wconf 88' lang='lat' dir='ltr'><strong>confirmem.</strong></span> <span class='ocrx_word' id='word_1_100' title='bbox 1315 1805 1359 1871; x_wconf 80' lang='lat' dir='ltr'><strong>nt</strong></span> 
     </span>
     <span class='ocr_line' id='line_1_14' title="bbox 214 1913 1358 1998; baseline 0.001 -21"><span class='ocrx_word' id='word_1_101' title='bbox 214 1913 248 1976; x_wconf 91' lang='lat' dir='ltr'><strong>in</strong></span> <span class='ocrx_word' id='word_1_102' title='bbox 280 1913 351 1998; x_wconf 87' lang='lat' dir='ltr'><strong>ipsa</strong></span> <span class='ocrx_word' id='word_1_103' title='bbox 382 1913 496 1978; x_wconf 83' lang='lat' dir='ltr'><strong>fabula</strong></span> <span class='ocrx_word' id='word_1_104' title='bbox 527 1914 667 1997; x_wconf 90' lang='lat' dir='ltr'><strong>primum</strong></span> <span class='ocrx_word' id='word_1_105' title='bbox 703 1915 859 1979; x_wconf 80' lang='lat' dir='ltr'><strong>debebam</strong></span> <span class='ocrx_word' id='word_1_106' title='bbox 891 1915 975 1979; x_wconf 87' lang='lat' dir='ltr'><strong>Italo</strong></span> <span class='ocrx_word' id='word_1_107' title='bbox 1008 1915 1181 1982; x_wconf 83' lang='lat' dir='ltr'><strong>correctori</strong></span> <span class='ocrx_word' id='word_1_108' title='bbox 1214 1914 1358 1998; x_wconf 86' lang='lat' dir='ltr'><strong>obsequi,</strong></span> 
     </span>
     <span class='ocr_line' id='line_1_15' title="bbox 213 2019 1358 2106; baseline 0 -22"><span class='ocrx_word' id='word_1_109' title='bbox 213 2019 434 2085; x_wconf 74' lang='lat' dir='ltr'><strong>Meroeturane</strong></span> <span class='ocrx_word' id='word_1_110' title='bbox 455 2042 500 2086; x_wconf 77' lang='lat' dir='ltr'><strong>aa</strong></span> <span class='ocrx_word' id='word_1_111' title='bbox 521 2023 643 2087; x_wconf 71' lang='lat' dir='ltr'><strong>matis</strong></span> <span class='ocrx_word' id='word_1_112' title='bbox 664 2021 772 2086; x_wconf 79' lang='lat' dir='ltr'><strong>tabuit</strong></span> <span class='ocrx_word' id='word_1_113' title='bbox 794 2043 822 2087; x_wconf 85' lang='lat' dir='ltr'><strong>v.</strong></span> <span class='ocrx_word' id='word_1_114' title='bbox 846 2022 912 2086; x_wconf 82' lang='lat'><strong>332</strong></span> <span class='ocrx_word' id='word_1_115' title='bbox 936 2022 1089 2087; x_wconf 89' lang='lat' dir='ltr'><strong>scribenti</strong></span> <span class='ocrx_word' id='word_1_116' title='bbox 1099 2022 1132 2106; x_wconf 67' lang='lat'><strong>⁸²)</strong></span> <span class='ocrx_word' id='word_1_117' title='bbox 1154 2043 1213 2106; x_wconf 92' lang='lat' dir='ltr'><strong>pro</strong></span> <span class='ocrx_word' id='word_1_118' title='bbox 1241 2041 1358 2086; x_wconf 72' lang='lat' dir='ltr'><strong>merca</strong></span> 
     </span>
     <span class='ocr_line' id='line_1_16' title="bbox 214 2127 1356 2213; baseline 0.002 -23"><span class='ocrx_word' id='word_1_119' title='bbox 214 2130 368 2190; x_wconf 81' lang='lat' dir='ltr'><strong>taromnc:</strong></span> <span class='ocrx_word' id='word_1_120' title='bbox 401 2128 488 2212; x_wconf 88' lang='lat' dir='ltr'><strong>quod</strong></span> <span class='ocrx_word' id='word_1_121' title='bbox 516 2149 589 2193; x_wconf 88' lang='lat' dir='ltr'><strong>oum</strong></span> <span class='ocrx_word' id='word_1_122' title='bbox 617 2129 695 2193; x_wconf 91' lang='lat' dir='ltr'><strong>olim</strong></span> <span class='ocrx_word' id='word_1_123' title='bbox 723 2131 889 2211; x_wconf 87' lang='lat' dir='ltr'><strong>putassem</strong></span> <span class='ocrx_word' id='word_1_124' title='bbox 913 2127 1076 2194; x_wconf 81' lang='lat' dir='ltr'><strong>Ciceronis</strong></span> <span class='ocrx_word' id='word_1_125' title='bbox 1104 2127 1250 2211; x_wconf 83' lang='lat' dir='ltr'><strong>exemplo</strong></span> <span class='ocrx_word' id='word_1_126' title='bbox 1279 2149 1356 2213; x_wconf 91' lang='lat' dir='ltr'><strong>quo-</strong></span> 
     </span>
     <span class='ocr_line' id='line_1_17' title="bbox 214 2231 1508 2319; baseline 0.002 -23"><span class='ocrx_word' id='word_1_127' title='bbox 214 2231 288 2296; x_wconf 85' lang='lat' dir='ltr'><strong>dam</strong></span> <span class='ocrx_word' id='word_1_128' title='bbox 316 2233 444 2299; x_wconf 84' lang='lat' dir='ltr'><strong>defendi</strong></span> <span class='ocrx_word' id='word_1_129' title='bbox 471 2256 580 2319; x_wconf 84' lang='lat' dir='ltr'><strong>posse,</strong></span> <span class='ocrx_word' id='word_1_130' title='bbox 611 2256 697 2300; x_wconf 90' lang='lat' dir='ltr'><strong>nunc</strong></span> <span class='ocrx_word' id='word_1_131' title='bbox 724 2256 790 2300; x_wconf 91' lang='lat' dir='ltr'><strong>non</strong></span> <span class='ocrx_word' id='word_1_132' title='bbox 812 2237 906 2300; x_wconf 87' lang='lat' dir='ltr'><strong>teneo</strong></span> <span class='ocrx_word' id='word_1_133' title='bbox 930 2235 1106 2300; x_wconf 90' lang='lat' dir='ltr'><strong>diutius.—·</strong></span> <span class='ocrx_word' id='word_1_134' title='bbox 1120 2235 1160 2300; x_wconf 91' lang='lat' dir='ltr'><strong>V.</strong></span> <span class='ocrx_word' id='word_1_135' title='bbox 1183 2234 1247 2300; x_wconf 80' lang='lat'><strong>531</strong></span> <span class='ocrx_word' id='word_1_136' title='bbox 1271 2235 1355 2298; x_wconf 73' lang='lat' dir='ltr'><strong>Han</strong></span> <span class='ocrx_word' id='word_1_137' title='bbox 1369 2249 1508 2294; x_wconf 78' lang='lat' dir='ltr'><strong>cccxxm</strong></span> 
     </span>
     <span class='ocr_line' id='line_1_18' title="bbox 213 2339 1358 2426; baseline 0.003 -24"><span class='ocrx_word' id='word_1_138' title='bbox 213 2340 372 2422; x_wconf 88' lang='lat' dir='ltr'><strong>particula</strong></span> <span class='ocrx_word' id='word_1_139' title='bbox 401 2339 521 2406; x_wconf 86' lang='lat' dir='ltr'><strong>rectius</strong></span> <span class='ocrx_word' id='word_1_140' title='bbox 551 2345 631 2426; x_wconf 91' lang='lat' dir='ltr'><strong>puto</strong></span> <span class='ocrx_word' id='word_1_141' title='bbox 662 2345 753 2406; x_wconf 84' lang='lat' dir='ltr'><strong>extra</strong></span> <span class='ocrx_word' id='word_1_142' title='bbox 781 2341 867 2406; x_wconf 89' lang='lat' dir='ltr'><strong>hunc</strong></span> <span class='ocrx_word' id='word_1_143' title='bbox 890 2363 1019 2407; x_wconf 88' lang='lat' dir='ltr'><strong>versum</strong></span> <span class='ocrx_word' id='word_1_144' title='bbox 1049 2342 1244 2426; x_wconf 82' lang='lat' dir='ltr'><strong>ponebatur:</strong></span> <span class='ocrx_word' id='word_1_145' title='bbox 1280 2341 1358 2406; x_wconf 75' lang='lat' dir='ltr'><strong>Istic</strong></span> 
     </span>
     <span class='ocr_line' id='line_1_19' title="bbox 214 2444 1357 2530; baseline 0.002 -20"><span class='ocrx_word' id='word_1_146' title='bbox 214 2445 292 2526; x_wconf 84' lang='lat' dir='ltr'><strong>[Em</strong></span> <span class='ocrx_word' id='word_1_147' title='bbox 314 2447 384 2511; x_wconf 77' lang='lat' dir='ltr'><strong>r&#39;stio</strong></span> <span class='ocrx_word' id='word_1_148' title='bbox 406 2444 522 2527; x_wconf 54' lang='lat' dir='ltr'><strong>Trici]</strong></span> <span class='ocrx_word' id='word_1_149' title='bbox 547 2453 662 2530; x_wconf 78' lang='lat' dir='ltr'><strong>oportet</strong></span> <span class='ocrx_word' id='word_1_150' title='bbox 683 2450 783 2530; x_wconf 79' lang='lat' dir='ltr'><strong>opseri</strong></span> <span class='ocrx_word' id='word_1_151' title='bbox 805 2469 904 2514; x_wconf 85' lang='lat' dir='ltr'><strong>mores</strong></span> <span class='ocrx_word' id='word_1_152' title='bbox 926 2450 1033 2514; x_wconf 65' lang='lat' dir='ltr'><strong>meos.</strong></span> <span class='ocrx_word' id='word_1_153' title='bbox 1048 2487 1090 2496; x_wconf 90' lang='lat'><strong>—-</strong></span> <span class='ocrx_word' id='word_1_154' title='bbox 1104 2449 1145 2514; x_wconf 90' lang='lat' dir='ltr'><strong>V.</strong></span> <span class='ocrx_word' id='word_1_155' title='bbox 1155 2449 1219 2514; x_wconf 84' lang='lat'><strong>659</strong></span> <span class='ocrx_word' id='word_1_156' title='bbox 1243 2469 1357 2514; x_wconf 87' lang='lat' dir='ltr'><strong>vereor</strong></span> 
     </span>
     <span class='ocr_line' id='line_1_20' title="bbox 213 2551 1357 2639; baseline 0.003 -24"><span class='ocrx_word' id='word_1_157' title='bbox 213 2572 253 2615; x_wconf 87' lang='lat' dir='ltr'><strong>ns</strong></span> <span class='ocrx_word' id='word_1_158' title='bbox 277 2551 378 2616; x_wconf 87' lang='lat' dir='ltr'><strong>nimia</strong></span> <span class='ocrx_word' id='word_1_159' title='bbox 401 2554 562 2618; x_wconf 89' lang='lat' dir='ltr'><strong>modestia</strong></span> <span class='ocrx_word' id='word_1_160' title='bbox 585 2554 740 2620; x_wconf 89' lang='lat' dir='ltr'><strong>librorum</strong></span> <span class='ocrx_word' id='word_1_161' title='bbox 764 2555 957 2638; x_wconf 88' lang='lat' dir='ltr'><strong>scripturam</strong></span> <span class='ocrx_word' id='word_1_162' title='bbox 982 2557 1135 2639; x_wconf 90' lang='lat' dir='ltr'><strong>omnium,</strong></span> <span class='ocrx_word' id='word_1_163' title='bbox 1159 2555 1257 2620; x_wconf 86' lang='lat' dir='ltr'><strong>etiam</strong></span> <span class='ocrx_word' id='word_1_164' title='bbox 1280 2555 1357 2619; x_wconf 84' lang='lat' dir='ltr'><strong>Am·</strong></span> 
     </span>
     <span class='ocr_line' id='line_1_21' title="bbox 213 2658 1357 2745; baseline 0.005 -23"><span class='ocrx_word' id='word_1_165' title='bbox 213 2658 365 2742; x_wconf 86' lang='lat' dir='ltr'><strong>bresiani,</strong></span> <span class='ocrx_word' id='word_1_166' title='bbox 389 2661 560 2725; x_wconf 88' lang='lat' dir='ltr'><strong>servarim:</strong></span> <span class='ocrx_word' id='word_1_167' title='bbox 597 2661 642 2725; x_wconf 82' lang='lat' dir='ltr'><strong>Et</strong></span> <span class='ocrx_word' id='word_1_168' title='bbox 665 2661 720 2725; x_wconf 82' lang='lat' dir='ltr'><strong>tibi</strong></span> <span class='ocrx_word' id='word_1_169' title='bbox 742 2681 838 2740; x_wconf 74' lang='lat' dir='ltr'><strong>nunc,</strong></span> <span class='ocrx_word' id='word_1_170' title='bbox 859 2663 992 2745; x_wconf 75' lang='lat' dir='ltr'><strong>proinde</strong></span> <span class='ocrx_word' id='word_1_171' title='bbox 1014 2667 1050 2727; x_wconf 83' lang='lat' dir='ltr'><strong>ot</strong></span> <span class='ocrx_word' id='word_1_172' title='bbox 1070 2683 1195 2743; x_wconf 82' lang='lat' dir='ltr'><strong>merere,</strong></span> <span class='ocrx_word' id='word_1_173' title='bbox 1218 2682 1357 2728; x_wconf 77' lang='lat' dir='ltr'><strong>summas</strong></span> 
     </span>
     <span class='ocr_line' id='line_1_22' title="bbox 211 2763 1354 2852; baseline 0.001 -21"><span class='ocrx_word' id='word_1_174' title='bbox 211 2763 305 2831; x_wconf 74' lang='lat' dir='ltr'><strong>tata</strong></span> <span class='ocrx_word' id='word_1_175' title='bbox 324 2767 463 2848; x_wconf 80' lang='lat' dir='ltr'><strong>pretias:</strong></span> <span class='ocrx_word' id='word_1_176' title='bbox 487 2789 585 2851; x_wconf 90' lang='lat' dir='ltr'><strong>quam</strong></span> <span class='ocrx_word' id='word_1_177' title='bbox 608 2767 643 2831; x_wconf 91' lang='lat' dir='ltr'><strong>in</strong></span> <span class='ocrx_word' id='word_1_178' title='bbox 665 2767 758 2833; x_wconf 78' lang='lat' dir='ltr'><strong>babeo</strong></span> <span class='ocrx_word' id='word_1_179' title='bbox 775 2788 931 2833; x_wconf 82' lang='lat' dir='ltr'><strong>summam</strong></span> <span class='ocrx_word' id='word_1_180' title='bbox 945 2769 1082 2852; x_wconf 82' lang='lat' dir='ltr'><strong>protiom</strong></span> <span class='ocrx_word' id='word_1_181' title='bbox 1105 2768 1354 2832; x_wconf 86' lang='lat' dir='ltr'><strong>convertendam</strong></span> 
     </span>
     <span class='ocr_line' id='line_1_23' title="bbox 212 2873 1355 2958; baseline 0.002 -22"><span class='ocrx_word' id='word_1_182' title='bbox 212 2893 282 2936; x_wconf 87' lang='lat' dir='ltr'><strong>esse</strong></span> <span class='ocrx_word' id='word_1_183' title='bbox 305 2873 429 2957; x_wconf 90' lang='lat' dir='ltr'><strong>primus</strong></span> <span class='ocrx_word' id='word_1_184' title='bbox 443 2873 520 2937; x_wconf 86' lang='lat' dir='ltr'><strong>Ant</strong></span> <span class='ocrx_word' id='word_1_185' title='bbox 534 2873 668 2938; x_wconf 84' lang='lat' dir='ltr'><strong>Reinius</strong></span> <span class='ocrx_word' id='word_1_186' title='bbox 692 2896 782 2940; x_wconf 86' lang='lat' dir='ltr'><strong>meus</strong></span> <span class='ocrx_word' id='word_1_187' title='bbox 806 2874 888 2940; x_wconf 84' lang='lat' dir='ltr'><strong>dixit</strong></span> <span class='ocrx_word' id='word_1_188' title='bbox 910 2897 948 2940; x_wconf 90' lang='lat' dir='ltr'><strong>ca</strong></span> <span class='ocrx_word' id='word_1_189' title='bbox 967 2873 1238 2940; x_wconf 82' lang='lat' dir='ltr'><strong>commentatione</strong></span> <span class='ocrx_word' id='word_1_190' title='bbox 1258 2895 1355 2958; x_wconf 87' lang='lat' dir='ltr'><strong>quam</strong></span> 
     </span>
     <span class='ocr_line' id='line_1_24' title="bbox 212 2978 1355 3066; baseline 0.003 -25"><span class='ocrx_word' id='word_1_191' title='bbox 212 2980 320 3042; x_wconf 87' lang='lat' dir='ltr'><strong>annot.</strong></span> <span class='ocrx_word' id='word_1_192' title='bbox 334 2978 376 3041; x_wconf 90' lang='lat' dir='ltr'><strong>ad</strong></span> <span class='ocrx_word' id='word_1_193' title='bbox 394 2979 503 3044; x_wconf 61' lang='lat' dir='ltr'>v⁴820</span> <span class='ocrx_word' id='word_1_194' title='bbox 521 2978 832 3066; x_wconf 85' lang='lat' dir='ltr'><strong>commemoravi.**)</strong></span> <span class='ocrx_word' id='word_1_195' title='bbox 865 2979 1021 3046; x_wconf 80' lang='lat' dir='ltr'><strong>Onussam</strong></span> <span class='ocrx_word' id='word_1_196' title='bbox 1044 2983 1155 3044; x_wconf 89' lang='lat' dir='ltr'><strong>tamen</strong></span> <span class='ocrx_word' id='word_1_197' title='bbox 1177 2979 1355 3045; x_wconf 87' lang='lat' dir='ltr'><strong>modestiae</strong></span> 
     </span>
     <span class='ocr_line' id='line_1_25' title="bbox 211 3083 1354 3171; baseline 0.002 -23"><span class='ocrx_word' id='word_1_198' title='bbox 211 3083 296 3148; x_wconf 86' lang='lat' dir='ltr'><strong>hanc</strong></span> <span class='ocrx_word' id='word_1_199' title='bbox 319 3083 480 3149; x_wconf 87' lang='lat' dir='ltr'><strong>habebam</strong></span> <span class='ocrx_word' id='word_1_200' title='bbox 504 3085 599 3169; x_wconf 86' lang='lat' dir='ltr'><strong>quod,</strong></span> <span class='ocrx_word' id='word_1_201' title='bbox 622 3107 695 3150; x_wconf 90' lang='lat' dir='ltr'><strong>cum</strong></span> <span class='ocrx_word' id='word_1_202' title='bbox 717 3087 917 3171; x_wconf 87' lang='lat' dir='ltr'><strong>reliquorum</strong></span> <span class='ocrx_word' id='word_1_203' title='bbox 941 3086 1161 3170; x_wconf 87' lang='lat' dir='ltr'><strong>exemplorum</strong></span> <span class='ocrx_word' id='word_1_204' title='bbox 1184 3085 1225 3150; x_wconf 88' lang='lat' dir='ltr'><strong>ad</strong></span> <span class='ocrx_word' id='word_1_205' title='bbox 1248 3084 1354 3150; x_wconf 85' lang='lat' dir='ltr'><strong>defen·</strong></span> 
     </span>
     <span class='ocr_line' id='line_1_26' title="bbox 212 3189 1354 3277; baseline 0.003 -23"><span class='ocrx_word' id='word_1_206' title='bbox 212 3189 350 3254; x_wconf 83' lang='lat' dir='ltr'><strong>dandum</strong></span> <span class='ocrx_word' id='word_1_207' title='bbox 378 3191 541 3274; x_wconf 85' lang='lat' dir='ltr'><strong>pluralem</strong></span> <span class='ocrx_word' id='word_1_208' title='bbox 568 3193 770 3275; x_wconf 86' lang='lat' dir='ltr'><strong>prolatorum</strong></span> <span class='ocrx_word' id='word_1_209' title='bbox 797 3194 922 3259; x_wconf 90' lang='lat' dir='ltr'><strong>nullum</strong></span> <span class='ocrx_word' id='word_1_210' title='bbox 946 3193 997 3258; x_wconf 85' lang='lat' dir='ltr'><strong>vel</strong></span> <span class='ocrx_word' id='word_1_211' title='bbox 1022 3196 1134 3277; x_wconf 89' lang='lat' dir='ltr'><strong>aptum</strong></span> <span class='ocrx_word' id='word_1_212' title='bbox 1156 3193 1209 3256; x_wconf 85' lang='lat' dir='ltr'><strong>vel</strong></span> <span class='ocrx_word' id='word_1_213' title='bbox 1232 3195 1354 3257; x_wconf 90' lang='lat' dir='ltr'><strong>certum</strong></span> 
     </span>
     <span class='ocr_line' id='line_1_27' title="bbox 212 3296 1427 3383; baseline 0.005 -24"><span class='ocrx_word' id='word_1_214' title='bbox 212 3317 282 3360; x_wconf 88' lang='lat' dir='ltr'><strong>esse</strong></span> <span class='ocrx_word' id='word_1_215' title='bbox 306 3301 457 3362; x_wconf 85' lang='lat' dir='ltr'><strong>accurata</strong></span> <span class='ocrx_word' id='word_1_216' title='bbox 475 3296 531 3360; x_wconf 89' lang='lat' dir='ltr'><strong>ille</strong></span> <span class='ocrx_word' id='word_1_217' title='bbox 550 3296 769 3382; x_wconf 86' lang='lat' dir='ltr'><strong>disputatione</strong></span> <span class='ocrx_word' id='word_1_218' title='bbox 788 3300 956 3383; x_wconf 80' lang='lat' dir='ltr'><strong>effecisset,</strong></span> <span class='ocrx_word' id='word_1_219' title='bbox 979 3303 1088 3363; x_wconf 84' lang='lat' dir='ltr'><strong>tamen</strong></span> <span class='ocrx_word' id='word_1_220' title='bbox 1107 3321 1207 3364; x_wconf 91' lang='lat' dir='ltr'><strong>unum</strong></span> <span class='ocrx_word' id='word_1_221' title='bbox 1226 3303 1354 3383; x_wconf 87' lang='lat' dir='ltr'><strong>praeter</strong></span> <span class='ocrx_word' id='word_1_222' title='bbox 1426 3373 1427 3376; x_wconf 8' lang='grc' dir='ltr'><strong>Ἴ</strong></span> 
     </span>
     <span class='ocr_line' id='line_1_28' title="bbox 187 3399 1353 3489; baseline 0.006 -26"><span class='ocrx_word' id='word_1_223' title='bbox 187 3399 394 3466; x_wconf 86' lang='lat' dir='ltr'><strong>·Trinummi</strong></span> <span class='ocrx_word' id='word_1_224' title='bbox 417 3422 544 3466; x_wconf 84' lang='lat' dir='ltr'><strong>versum</strong></span> <span class='ocrx_word' id='word_1_225' title='bbox 568 3403 718 3468; x_wconf 85' lang='lat' dir='ltr'><strong>videbam</strong></span> <span class='ocrx_word' id='word_1_226' title='bbox 741 3406 890 3470; x_wconf 90' lang='lat' dir='ltr'><strong>relictum</strong></span> <span class='ocrx_word' id='word_1_227' title='bbox 913 3427 983 3471; x_wconf 87' lang='lat' dir='ltr'><strong>esse</strong></span> <span class='ocrx_word' id='word_1_228' title='bbox 1005 3403 1139 3469; x_wconf 88' lang='lat' dir='ltr'><strong>Poenuli</strong></span> <span class='ocrx_word' id='word_1_229' title='bbox 1163 3403 1203 3488; x_wconf 81' lang='lat' dir='ltr'><strong>V,</strong></span> <span class='ocrx_word' id='word_1_230' title='bbox 1220 3407 1252 3489; x_wconf 82' lang='lat'><strong>4,</strong></span> <span class='ocrx_word' id='word_1_231' title='bbox 1277 3407 1353 3470; x_wconf 81' lang='lat'>104:</span> 
     </span>
     <span class='ocr_line' id='line_1_29' title="bbox 211 3507 1353 3596; baseline 0.004 -24"><span class='ocrx_word' id='word_1_232' title='bbox 211 3507 260 3572; x_wconf 83' lang='lat' dir='ltr'><strong>Di</strong></span> <span class='ocrx_word' id='word_1_233' title='bbox 287 3509 415 3590; x_wconf 75' lang='lat' dir='ltr'><strong>dcccque</strong></span> <span class='ocrx_word' id='word_1_234' title='bbox 444 3529 559 3587; x_wconf 76' lang='lat' dir='ltr'><strong>omncs,</strong></span> <span class='ocrx_word' id='word_1_235' title='bbox 589 3509 677 3574; x_wconf 80' lang='lat' dir='ltr'><strong>uobis</strong></span> <span class='ocrx_word' id='word_1_236' title='bbox 703 3509 795 3575; x_wconf 76' lang='lat' dir='ltr'><strong>habeo</strong></span> <span class='ocrx_word' id='word_1_237' title='bbox 817 3512 925 3576; x_wconf 64' lang='lat' dir='ltr'><strong>motta</strong></span> <span class='ocrx_word' id='word_1_238' title='bbox 948 3531 1079 3594; x_wconf 72' lang='lat' dir='ltr'><strong>mayaco</strong></span> <span class='ocrx_word' id='word_1_239' title='bbox 1098 3511 1228 3593; x_wconf 62' lang='lat' dir='ltr'><strong>mettica,</strong></span> <span class='ocrx_word' id='word_1_240' title='bbox 1256 3534 1353 3596; x_wconf 88' lang='lat' dir='ltr'><strong>quam</strong></span> 
     </span>
     <span class='ocr_line' id='line_1_30' title="bbox 211 3603 1353 3704; baseline 0.006 -27"><span class='ocrx_word' id='word_1_241' title='bbox 211 3613 406 3698; x_wconf 85' lang='lat' dir='ltr'><strong>scripturam</strong></span> <span class='ocrx_word' id='word_1_242' title='bbox 433 3615 514 3681; x_wconf 90' lang='lat' dir='ltr'><strong>item</strong></span> <span class='ocrx_word' id='word_1_243' title='bbox 536 3616 610 3680; x_wconf 89' lang='lat' dir='ltr'><strong>libri</strong></span> <span class='ocrx_word' id='word_1_244' title='bbox 634 3638 746 3682; x_wconf 88' lang='lat' dir='ltr'><strong>omnes</strong></span> <span class='ocrx_word' id='word_1_245' title='bbox 770 3621 946 3683; x_wconf 87' lang='lat' dir='ltr'><strong>testantur:</strong></span> <span class='ocrx_word' id='word_1_246' title='bbox 981 3639 1059 3681; x_wconf 87' lang='lat' dir='ltr'><strong>nam</strong></span> <span class='ocrx_word' id='word_1_247' title='bbox 1082 3618 1117 3681; x_wconf 88' lang='lat' dir='ltr'><strong>in</strong></span> <span class='ocrx_word' id='word_1_248' title='bbox 1139 3603 1353 3704; x_wconf 51' lang='lat' dir='ltr'><strong>boc&#39;quidem</strong></span> 
     </span>
    </p>
   </div>
   <div class='ocr_carea' id='block_1_4' title="bbox 210 3719 1353 3916">
    <p class='ocr_par' dir='ltr' id='par_1_4' title="bbox 210 3719 1353 3916">
     <span class='ocr_line' id='line_1_31' title="bbox 210 3719 1352 3806; baseline 0.008 -22"><span class='ocrx_word' id='word_1_249' title='bbox 210 3719 380 3785; x_wconf 85' lang='lat' dir='ltr'><strong>tractando</strong></span> <span class='ocrx_word' id='word_1_250' title='bbox 404 3719 521 3787; x_wconf 86' lang='lat' dir='ltr'><strong>Reinio</strong></span> <span class='ocrx_word' id='word_1_251' title='bbox 550 3721 673 3806; x_wconf 88' lang='lat' dir='ltr'><strong>aliquid</strong></span> <span class='ocrx_word' id='word_1_252' title='bbox 700 3724 835 3790; x_wconf 86' lang='lat' dir='ltr'><strong>humani</strong></span> <span class='ocrx_word' id='word_1_253' title='bbox 869 3724 994 3789; x_wconf 80' lang='lat' dir='ltr'><strong>accidit</strong></span> <span class='ocrx_word' id='word_1_254' title='bbox 1025 3759 1070 3772; x_wconf 88' lang='lat'>-</span> <span class='ocrx_word' id='word_1_255' title='bbox 1096 3722 1136 3788; x_wconf 91' lang='lat' dir='ltr'><strong>V.</strong></span> <span class='ocrx_word' id='word_1_256' title='bbox 1162 3725 1245 3791; x_wconf 82' lang='grc'><strong>1071</strong></span> <span class='ocrx_word' id='word_1_257' title='bbox 1279 3748 1352 3794; x_wconf 90' lang='lat' dir='ltr'><strong>con·</strong></span> 
     </span>
     <span class='ocr_line' id='line_1_32' title="bbox 211 3828 1353 3916; baseline 0.004 -25"><span class='ocrx_word' id='word_1_258' title='bbox 211 3831 301 3892; x_wconf 90' lang='lat' dir='ltr'><strong>stans</strong></span> <span class='ocrx_word' id='word_1_259' title='bbox 325 3828 479 3913; x_wconf 90' lang='lat' dir='ltr'><strong>loquendi</strong></span> <span class='ocrx_word' id='word_1_260' title='bbox 501 3851 579 3894; x_wconf 88' lang='lat' dir='ltr'><strong>usus</strong></span> <span class='ocrx_word' id='word_1_261' title='bbox 602 3829 771 3896; x_wconf 84' lang='lat' dir='ltr'><strong>Plautinus</strong></span> <span class='ocrx_word' id='word_1_262' title='bbox 794 3831 980 3916; x_wconf 82' lang='lat' dir='ltr'><strong>flagitabat,</strong></span> <span class='ocrx_word' id='word_1_263' title='bbox 1008 3835 1045 3895; x_wconf 89' lang='lat' dir='ltr'><strong>ut</strong></span> <span class='ocrx_word' id='word_1_264' title='bbox 1066 3835 1148 3897; x_wconf 80' lang='lat' dir='ltr'><strong>estne</strong></span> <span class='ocrx_word' id='word_1_265' title='bbox 1169 3831 1203 3896; x_wconf 81' lang='lat' dir='ltr'><strong>is</strong></span> <span class='ocrx_word' id='word_1_266' title='bbox 1224 3852 1268 3896; x_wconf 80' lang='lat' dir='ltr'><strong>on</strong></span> <span class='ocrx_word' id='word_1_267' title='bbox 1290 3853 1353 3896; x_wconf 77' lang='lat' dir='ltr'><strong>aon</strong></span> 
     </span>
    </p>
   </div>
   <div class='ocr_carea' id='block_1_5' title="bbox 209 4008 414 4016">
    <p class='ocr_par' dir='ltr' id='par_1_5' title="bbox 209 4008 414 4016">
     <span class='ocr_line' id='line_1_33' title="bbox 209 4008 414 4016; baseline 0.005 -1"><span class='ocrx_word' id='word_1_268' title='bbox 209 4008 357 4015; x_wconf 53' lang='grc' dir='ltr'><strong>ψ...-</strong></span> <span class='ocrx_word' id='word_1_269' title='bbox 390 4010 414 4016; x_wconf 79' lang='lat'><strong>.-</strong></span> 
     </span>
    </p>
   </div>
   <div class='ocr_carea' id='block_1_6' title="bbox 315 4128 1290 4201">
    <p class='ocr_par' dir='ltr' id='par_1_6' title="bbox 315 4128 1290 4201">
     <span class='ocr_line' id='line_1_34' title="bbox 315 4128 1290 4201; baseline -0.002 -17"><span class='ocrx_word' id='word_1_270' title='bbox 315 4128 341 4198; x_wconf 83' lang='lat'><strong>*)</strong></span> <span class='ocrx_word' id='word_1_271' title='bbox 359 4129 622 4201; x_wconf 67' lang='lat' dir='ltr'><strong>[macenorum</strong></span> <span class='ocrx_word' id='word_1_272' title='bbox 642 4129 848 4186; x_wconf 84' lang='lat' dir='ltr'><strong>Studemundus</strong></span> <span class='ocrx_word' id='word_1_273' title='bbox 866 4133 986 4188; x_wconf 72' lang='lat' dir='ltr'><strong>testatem</strong></span> <span class='ocrx_word' id='word_1_274' title='bbox 1006 4131 1049 4186; x_wconf 84' lang='lat' dir='ltr'><strong>est</strong></span> <span class='ocrx_word' id='word_1_275' title='bbox 1066 4131 1176 4185; x_wconf 82' lang='lat' dir='ltr'><strong>exstare</strong></span> <span class='ocrx_word' id='word_1_276' title='bbox 1193 4129 1223 4184; x_wconf 87' lang='lat' dir='ltr'><strong>in</strong></span> <span class='ocrx_word' id='word_1_277' title='bbox 1242 4129 1290 4200; x_wconf 64' lang='lat' dir='ltr'><strong>A]</strong></span> 
     </span>
    </p>
   </div>
   <div class='ocr_carea' id='block_1_7' title="bbox 208 4235 1351 4398">
    <p class='ocr_par' dir='ltr' id='par_1_7' title="bbox 208 4235 1351 4398">
     <span class='ocr_line' id='line_1_35' title="bbox 298 4235 1351 4310; baseline -0.004 -16"><span class='ocrx_word' id='word_1_278' title='bbox 298 4235 340 4306; x_wconf 57' lang='grc' dir='ltr'><strong>*ἢ</strong></span> <span class='ocrx_word' id='word_1_279' title='bbox 360 4238 487 4310; x_wconf 84' lang='lat' dir='ltr'><strong>[Quaest.</strong></span> <span class='ocrx_word' id='word_1_280' title='bbox 505 4237 598 4293; x_wconf 89' lang='lat' dir='ltr'><strong>Plaut.</strong></span> <span class='ocrx_word' id='word_1_281' title='bbox 617 4243 688 4308; x_wconf 87' lang='lat' dir='ltr'><strong>part.</strong></span> <span class='ocrx_word' id='word_1_282' title='bbox 708 4239 729 4308; x_wconf 89' lang='lat'><strong>1,</strong></span> <span class='ocrx_word' id='word_1_283' title='bbox 748 4239 791 4294; x_wconf 85' lang='lat' dir='ltr'><strong>ed.</strong></span> <span class='ocrx_word' id='word_1_284' title='bbox 811 4237 966 4294; x_wconf 84' lang='lat' dir='ltr'><strong>Crefaldiae</strong></span> <span class='ocrx_word' id='word_1_285' title='bbox 986 4254 1010 4295; x_wconf 84' lang='lat' dir='ltr'><strong>a.</strong></span> <span class='ocrx_word' id='word_1_286' title='bbox 1023 4243 1101 4307; x_wconf 81' lang='lat'>1834,</span> <span class='ocrx_word' id='word_1_287' title='bbox 1119 4255 1147 4307; x_wconf 93' lang='lat' dir='ltr'><strong>p.</strong></span> <span class='ocrx_word' id='word_1_288' title='bbox 1159 4242 1206 4302; x_wconf 82' lang='lat'><strong>1³;</strong></span> <span class='ocrx_word' id='word_1_289' title='bbox 1227 4237 1351 4291; x_wconf 89' lang='lat' dir='ltr'><strong>ceterum</strong></span> 
     </span>
     <span class='ocr_line' id='line_1_36' title="bbox 208 4323 1351 4398; baseline -0.001 -19"><span class='ocrx_word' id='word_1_290' title='bbox 208 4323 238 4379; x_wconf 89' lang='lat' dir='ltr'><strong>in</strong></span> <span class='ocrx_word' id='word_1_291' title='bbox 257 4324 299 4380; x_wconf 85' lang='lat' dir='ltr'><strong>od.</strong></span> <span class='ocrx_word' id='word_1_292' title='bbox 310 4326 359 4382; x_wconf 84' lang='lat' dir='ltr'><strong>alt.</strong></span> <span class='ocrx_word' id='word_1_293' title='bbox 377 4343 510 4381; x_wconf 74' lang='lat' dir='ltr'><strong>ecmnscm</strong></span> <span class='ocrx_word' id='word_1_294' title='bbox 527 4327 629 4381; x_wconf 76' lang='lat' dir='ltr'><strong>habebo</strong></span> <span class='ocrx_word' id='word_1_295' title='bbox 646 4328 766 4398; x_wconf 68' lang='lat' dir='ltr'><strong>qratiam</strong></span> <span class='ocrx_word' id='word_1_296' title='bbox 784 4343 847 4382; x_wconf 88' lang='lat' dir='ltr'><strong>cum</strong></span> <span class='ocrx_word' id='word_1_297' title='bbox 866 4326 1046 4382; x_wconf 78' lang='lat' dir='ltr'><strong>Fleckciacno</strong></span> <span class='ocrx_word' id='word_1_298' title='bbox 1064 4326 1144 4381; x_wconf 85' lang='lat' dir='ltr'><strong>dedit</strong></span> <span class='ocrx_word' id='word_1_299' title='bbox 1160 4325 1351 4397; x_wconf 68' lang='lat' dir='ltr'><strong>Ritschalius]</strong></span> 
     </span>
    </p>
   </div>
   <div class='ocr_carea' id='block_1_8' title="bbox 262 4474 1139 4525">
    <p class='ocr_par' dir='ltr' id='par_1_8' title="bbox 262 4474 1139 4525">
     <span class='ocr_line' id='line_1_37' title="bbox 262 4474 1139 4525; baseline 0.006 -5"><span class='ocrx_word' id='word_1_300' title='bbox 262 4485 468 4524; x_wconf 79' lang='lat' dir='ltr'><strong>ra.arrscrm1.n</strong></span> <span class='ocrx_word' id='word_1_301' title='bbox 488 4485 625 4524; x_wconf 75' lang='lat' dir='ltr'><strong>ocvccvaa</strong></span> <span class='ocrx_word' id='word_1_302' title='bbox 643 4486 668 4524; x_wconf 81' lang='lat' dir='ltr'><strong>v.</strong></span> <span class='ocrx_word' id='word_1_303' title='bbox 1104 4474 1139 4525; x_wconf 70' lang='lat' dir='ltr'><strong>ot</strong></span> 
     </span>
    </p>
   </div>
   <div class='ocr_carea' id='block_1_9' title="bbox 0 0 1664 5072">
    <p class='ocr_par' dir='ltr' id='par_1_9' title="bbox 0 0 1664 5072">
     <span class='ocr_line' id='line_1_38' title="bbox 0 0 1664 5072; baseline 0 3"><span class='ocrx_word' id='word_1_304' title='bbox 0 0 1664 5072; x_wconf 95' lang='lat' dir='ltr'><strong> </strong></span> 
     </span>
    </p>
   </div>
  </div>
 </body>
</html>
