3318 5072
303 381 369 446 530
590 399 848 449 raoanoounns
873 401 920 447 na
945 400 1156 448 narrouravs

302 507 626 627 est,repone1·etur*)
647 542 714 627 'pro
742 548 823 608 estne
848 543 907 607 bio
928 563 971 607 ou
993 563 1056 608 nou
1079 547 1138 608 est:
1171 543 1203 606 id
1226 540 1312 626 quod
1336 542 1446 607 multi-

302 646 381 711 tudo
405 649 625 733 exemplorum
649 649 743 714 facile
767 649 937 733 unicuique
960 647 1233 735 persuadebit.**)

773 845 883 893 csrvr
906 826 975 892 XX.

143 956 302 999 oooxxvm
392 932 551 1009 Quoniam
580 933 613 996 in
640 933 745 997 multo
774 933 963 1017 ampliorem
982 934 1123 1016 molem,
1156 955 1252 1017 quam
1281 933 1387 1017 primo
1412 937 1446 998 et

302 1044 478 1106 statueram
503 1045 535 1104 et
558 1044 830 1123 exspectaveram,
853 1039 932 1104 haec
951 1039 1186 1125 Prolegomena
1209 1045 1444 1124 succreverunt,

302 1171 367 1213 non
391 1149 450 1212 abs
473 1169 508 1213 re
531 1147 606 1210 duxi
631 1146 785 1210 subiectis
804 1168 912 1210 rerum
932 1150 1147 1212 tractatarum
1166 1145 1327 1212 indicibus
1346 1147 1444 1210 lecto·

301 1277 373 1318 rum
401 1254 570 1320 commodo
598 1254 771 1318 consulere.
817 1253 968 1318 Lectores
997 1258 1106 1319 autem
1134 1254 1196 1320 etsi
1220 1254 1300 1319 mihi
1323 1253 1444 1318 multos

302 1366 433 1445 exopto,
465 1361 517 1427 vel
545 1362 676 1445 postulo
699 1364 808 1425 tamen
833 1381 902 1444 cos,
935 1361 1041 1444 siqui
1065 1361 1105 1425 ad
1128 1360 1301 1425 tractanda
1324 1360 1443 1424 veteris

301 1468 491 1533 Latinorum
519 1468 627 1552 poesis
656 1471 867 1532 monumenta
890 1471 1235 1551 monumentorumque
1259 1466 1443 1552 fragmenta

302 1573 446 1638 animum
480 1573 673 1657 applicaturi
709 1572 787 1636 sint:
820 1594 861 1637 ne
893 1572 944 1636 vel
971 1573 1183 1658 neglegenter
1213 1574 1367 1658 ignorata
1394 1572 1444 1635 vel

301 1680 402 1744 stulte
426 1683 459 1745 et
481 1683 674 1765 arroganter
692 1683 801 1762 spreta
820 1676 948 1742 Bentlci
967 1677 1210 1764 Hermannique
1234 1683 1302 1744 arte
1326 1683 1359 1744 et
1382 1678 1444 1742 dis-

302 1787 436 1870 ciplina,
464 1785 555 1850 cuius
583 1806 643 1871 ego
671 1785 754 1849 nihil
777 1784 868 1849 volui
890 1785 953 1850 nisi
977 1785 1156 1868 probabilis
1179 1787 1338 1870 interpres
1363 1806 1443 1867 esse,

301 1894 422 1958 similia
451 1895 603 1978 portenta
633 1893 667 1956 in
697 1892 759 1956 hoc
789 1912 905 1976 genere
933 1897 1064 1975 postera
1092 1898 1181 1957 actas
1209 1891 1320 1959 videat
1346 1895 1442 1975 atque

300 2000 477 2084 praeterita
504 2000 602 2064 nimis
630 1999 734 2064 multa
764 2001 897 2081 experta
927 2003 978 2063 est
1007 2021 1080 2064 cum
1111 2020 1230 2086 magno
1260 1999 1442 2064 litterarum

150 2125 285 2169 cccxxsx
300 2111 485 2172 nostrarum
509 2106 627 2171 damno
651 2109 757 2190 atque,
780 2109 816 2169 nt
838 2105 944 2170 dicam
967 2107 1052 2189 quod
1072 2107 1186 2192 sentio,
1210 2105 1365 2171 Germani
1386 2126 1443 2169 no·

303 2213 399 2278 minis
423 2212 587 2278 dedecore.
633 2210 707 2277 Soio
735 2233 834 2295 penes
863 2233 984 2296 paucos
1007 2213 1103 2277 hodie
1127 2213 1242 2277 harum
1265 2232 1373 2278 rernm
1396 2210 1442 2274 iu·

301 2320 421 2386 dicium
445 2342 527 2384 esse:
559 2320 615 2403 qui
638 2320 666 2383 si
688 2323 835 2384 nostram
860 2339 992 2402 operam
1014 2321 1232 2404 probaverint,
1255 2319 1285 2384 h.
1309 2339 1335 2382 e.
1359 2318 1387 2382 si
1411 2325 1444 2381 et

301 2429 389 2491 recta
411 2426 465 2491 via
488 2449 526 2492 ac
548 2425 675 2490 ratione
697 2446 757 2489 nos
781 2425 946 2510 ingressos
970 2446 1040 2490 esse
1059 2428 1093 2489 et
1110 2447 1127 2490 e
1146 2425 1284 2512 singulis
1302 2425 1443 2508 plurima

299 2553 366 2597 non
389 2533 497 2616 inepte
522 2533 699 2616 explicasse
722 2531 971 2616 pronuntiarint,
995 2531 1091 2597 ceteri
1116 2532 1157 2597 ab
1176 2531 1227 2596 his
1246 2531 1382 2615 discant,
1405 2535 1442 2595 ut

301 2637 474 2722 aliquando
503 2638 644 2702 iudicare
672 2639 735 2722 ipsi
763 2639 899 2722 possint
943 2637 1081 2703 Discunt
1102 2643 1211 2702 autem
1234 2639 1282 2703 ita
1304 2641 1342 2702 ut
1363 2637 1442 2703 inci·

300 2745 393 2829 piant
419 2767 439 2808 a
466 2744 639 2829 credendo,
669 2767 735 2829 qua
762 2745 815 2810 via
843 2745 914 2809 sola
935 2745 970 2808 in
993 2744 1106 2828 quavis
1131 2747 1200 2808 arte
1224 2743 1346 2828 aliquid
1369 2765 1441 2828 pro·

299 2851 419 2916 ficitur:
444 2851 576 2915 credant
598 2850 701 2936 igitur
723 2873 789 2916 non
811 2850 935 2916 frustra
957 2855 1123 2915 tantorum
1145 2850 1351 2936 ingeniorum
1374 2855 1442 2914 tam

208 3017 212 3025 ,
299 2957 502 3041 praeclaram
531 2957 632 3022 vitam
661 2958 695 3022 in
724 2958 775 3022 his
804 2957 922 3022 studiis
946 2962 1172 3041 consumptam
1195 2979 1278 3030 ease:
1311 2956 1444 3022 credant

299 3085 364 3130 non
387 3064 532 3149 potuisse
555 3066 590 3129 in
612 3065 674 3131 hac
697 3069 789 3149 parte
812 3065 982 3149 caecutire,
1005 3087 1141 3149 quorum
1165 3065 1200 3129 in
1218 3064 1353 3148 reliquis
1371 3085 1443 3148 par·

299 3172 388 3236 tibus
415 3174 598 3238 litterarum
626 3176 813 3239 nostrarum
841 3193 977 3238 acumen
1000 3194 1163 3237 summum
1187 3176 1221 3237 et
1241 3172 1442 3254 incompara-

302 3279 399 3343 bilem
422 3279 574 3344 virtutam
602 3280 765 3344 communi
789 3262 947 3344 consensu
972 3277 1180 3343 admiremur:
1208 3277 1341 3342 credant
1368 3275 1443 3359 plus

300 3383 475 3469 doctrinae,
498 3385 619 3469 iudicii,
642 3386 716 3450 fidei
738 3386 771 3451 in
795 3385 861 3450 illis
879 3407 977 3470 quam
995 3386 1029 3450 in
1048 3383 1189 3450 librariis
1209 3406 1288 3468 esse,
1312 3383 1442 3467 verique

300 3511 369 3555 esse
402 3491 540 3556 similius
573 3514 684 3557 eorum
717 3514 799 3576 quae
835 3491 1060 3576 praeceperint
1090 3491 1233 3576 plurima
1264 3511 1340 3556 vera
1372 3511 1442 3554 esse

299 3616 396 3680 quam
426 3597 565 3681 plurima
592 3598 687 3664 falsa:
725 3599 857 3663 credant
885 3598 1021 3684 deniquo
1044 3621 1112 3664 non
1135 3599 1264 3682 impuno
1288 3599 1384 3663 licere
1408 3597 1443 3661 in

299 3703 413 3767 latinis
438 3704 564 3787 litteris,
588 3703 674 3789 quod
698 3704 726 3768 si
750 3705 822 3788 quis
840 3704 874 3767 in
894 3705 1020 3788 graecis
1039 3703 1135 3769 hodie
1154 3699 1274 3787 peccet,
1297 3703 1442 3768 omnium

299 3808 366 3874 risu
390 3809 589 3893 explodatur.
641 3807 727 3874 Nam
757 3809 799 3874 ab
827 3811 888 3875 bac
911 3810 1038 3876 demum
1063 3809 1255 3875 verecundia
1277 3810 1442 3894 progressi

298 3920 332 3981 ct
354 3918 480 3982 naviter
507 3917 728 4003 intellegendo
758 3921 791 3980 et
813 3916 987 4000 prudenter
1010 3917 1187 3982 dubitando
1212 3920 1245 3979 et
1268 3915 1442 4000 diligenter

299 4023 482 4106 quaerendo
512 4023 574 4089 hoo
599 4023 661 4088 sibi
685 4023 765 4088 iuris
789 4021 1014 4107 vindicabunt,
1045 4027 1082 4088 ut
1104 4021 1265 4106 imprimis
1289 4021 1441 4087 salutaris

299 4129 491 4195 hereditatis
516 4131 668 4197 beneficio
692 4133 858 4214 acceptam
877 4129 1056 4195 doctrinam
1074 4129 1174 4194 etiam
1193 4129 1364 4194 emendent
1382 4150 1442 4213 pro

404 4269 431 4336 *)
451 4269 495 4341 [ln
514 4270 556 4326 ed.
576 4269 625 4324 alt.
648 4267 818 4324 Ritscbclins
836 4269 913 4337 ipsese
936 4269 1068 4339 probavit
1090 4285 1153 4324 eum
1169 4267 1350 4324 Fleckeiseno
1369 4271 1442 4324 Anu.

299 4339 366 4408 phil.
385 4342 406 4394 t.
426 4347 459 4395 93
479 4343 514 4410 (a.
536 4345 615 4410 1866)
635 4359 661 4410 p.
677 4346 725 4394 61:
744 4337 780 4394 cf.
800 4357 883 4409 snpra
901 4359 927 4411 p.
938 4341 1013 4412 428]

391 4427 433 4495 ⁸⁸)
453 4429 660 4500 [Sequebantur
685 4443 832 4498 operarum
855 4428 926 4484 vitia
949 4429 1087 4498 quaedam
1106 4428 1152 4484 bic
1171 4427 1328 4484 omittenda
1345 4429 1375 4483 et
1391 4428 1441 4484 ad-

298 4497 454 4553 ditamenta
472 4499 508 4554 ad
526 4501 589 4569 ipsa
608 4499 817 4570 Prolegomena,
836 4515 908 4568 quae
928 4499 1045 4570 singulis
1064 4499 1133 4554 locis
1152 4499 1367 4571 subiunximus]
