3302 5076
599 429 831 480 nsummscna
855 431 982 480 asnaa
1295 413 1360 478 669

309 572 382 640 Vna
405 576 513 638 autem
537 595 612 657 pars
636 577 687 638 cst
716 573 859 638 muneris
883 572 963 638 mihi
987 572 1186 656 demandati,
1215 573 1364 638 tamilla

199 680 305 745 -laeta
336 683 370 743 et
398 701 511 764 expers
544 679 782 764 angustiarum,
812 679 929 746 horum
959 683 996 744 ut
1025 679 1116 744 illinc
1144 678 1302 745 solacium
1331 683 1364 744 et

217 785 306 849 velut
328 786 625 869 compensatiouem
648 785 773 852 affatim
792 787 954 870 petiturus
981 785 1042 851 sim
1068 807 1133 850 non
1157 784 1226 852 aine
1244 805 1365 870 magna

220 912 293 956 mea
321 891 499 975 voluptate.
540 891 585 958 Et
612 895 737 976 spectat
764 915 804 958 ea
831 891 962 978 quidem
984 913 1051 958 non
1074 895 1143 957 tam
1166 891 1207 958 ad
1230 895 1364 974 vestras,

115 1079 121 1096 Ι
219 997 363 1083 collegae
387 999 630 1083 spectatissimi,
652 1021 807 1084 personas
827 1021 925 1084 quam
949 999 991 1064 ad
1013 1021 1082 1083 vos,
1105 997 1264 1084 carissimi
1287 997 1363 1064 adu·

219 1104 389 1189 lescentes,
424 1127 560 1189 quorum
595 1106 740 1172 rationes
771 1105 927 1191 peculiari
956 1105 1206 1172 necessitudinis
1236 1106 1364 1172 vinculo

218 1235 292 1278 cum
310 1212 458 1278 Rectoris
476 1233 618 1296 persona
635 1233 736 1278 nexae
760 1215 844 1278 sunt
881 1209 981 1278 Cuius
1004 1211 1254 1278 necessitudinis
1278 1212 1364 1276 ratio

221 1318 379 1384 eiusmodi
403 1323 462 1402 est,
485 1322 523 1384 ut
546 1340 584 1384 ea
608 1320 795 1403 primariam
820 1320 885 1384 vim
908 1323 942 1384 et
960 1323 1158 1403 potestatem
1175 1322 1366 1402 rectoratus,

219 1431 256 1492 ut
279 1428 357 1490 sunt
377 1424 458 1490 haec
480 1428 642 1510 tempora,
670 1425 826 1492 contineri
855 1429 888 1490 ct
916 1425 1079 1510 propriam
1105 1425 1258 1492 virtutem
1282 1429 1365 1490 tam·

220 1553 316 1616 quam
354 1530 616 1615 exsplendescere
650 1535 770 1616 putem.
815 1531 903 1597 Nam
933 1532 961 1597 ai
989 1532 1164 1616 corporis
1192 1530 1365 1598 universi

218 1643 307 1702 certa
325 1641 452 1703 suntet
471 1639 654 1704 communia
673 1639 772 1722 iura,
794 1659 994 1722 consequens
1014 1641 1065 1703 cst
1083 1660 1198 1704 eorum
1213 1645 1364 1723 partem

218 1745 317 1809 etiam
341 1744 381 1809 ad
405 1745 562 1829 singula
584 1745 753 1809 membra
775 1744 920 1830 corporis
940 1742 1100 1827 pertinere
1119 1744 1299 1830 horumque
1317 1744 1365 1808 in-

219 1851 401 1917 columitati
418 1851 628 1934 praecipue
647 1850 838 1934 prospicere.
871 1849 922 1914 Ea
941 1853 1048 1916 autem
1068 1851 1150 1936 iura,
1168 1871 1250 1934 quae
1270 1849 1365 1915 liber·

218 1962 320 2022 tatem
344 1957 560 2022 academicam
583 1957 724 2022 finitiore
748 1956 933 2040 significatu
958 1954 1123 2041 appellere
1142 1956 1365 2041 consuevistis,

219 2085 292 2129 cum
326 2064 422 2128 certis
455 2063 583 2147 legibus
612 2063 855 2146 circumscripta
882 2083 952 2127 esse
979 2065 1142 2146 oporteat:
1173 2062 1300 2146 quando
1331 2063 1364 2127 in

123 2249 130 2266 ι
219 2170 382 2235 licentiam
413 2174 447 2235 et
479 2169 647 2234 libidinem
679 2169 811 2255 quaevis
843 2169 979 2234 libertas
1010 2169 1123 2253 vertit,
1154 2169 1218 2234 nisi
1246 2169 1365 2234 rationi

219 2275 448 2341 convenienter
474 2275 690 2341 determinata
717 2275 774 2341 sit:
802 2275 881 2341 satis
908 2273 1006 2342 hodie
1034 2275 1163 2340 videtur
1190 2299 1211 2340 a
1233 2275 1367 2360 publica

220 2382 414 2448 auctoritate
447 2381 589 2448 civitatis
621 2383 656 2447 in
689 2403 726 2448 eo
760 2381 963 2448 eleboratum
995 2403 1082 2464 esse,
1118 2386 1155 2448 ut
1184 2381 1286 2448 linea
1317 2381 1366 2446 illi

220 2488 382 2554 libertatis
413 2491 539 2554 vestrae
569 2488 792 2554 custodiuntur
823 2492 855 2553 et
884 2491 1106 2574 coerceantur,
1135 2488 1286 2555 licentiae
1314 2509 1365 2554 oc-

221 2599 383 2680 curratur,
406 2595 486 2661 vitia
509 2584 722 2680 castigentur,
750 2595 867 2660 delicta
891 2595 1202 2680 animadvertantur,
1229 2595 1366 2680 denique

222 2702 273 2766 vel
295 2702 515 2786 praecavendo
535 2703 585 2767 vel
603 2701 766 2787 puniendo
786 2701 926 2768 satisfiat
944 2703 1053 2788 legum
1072 2702 1249 2768 severitati.
1280 2701 1366 2768 Huic

220 2812 330 2874 autem
362 2809 528 2875 severitati
557 2808 827 2894 quemadmodum
850 2809 891 2875 ud
919 2809 1109 2894 explendam
1141 2831 1365 2876 consumman-

220 2915 359 3000 damque
386 2915 530 2982 iustitiae
557 2915 723 2982 notionem
747 2916 896 2982 accedere
926 2915 1076 3001 aequites
1106 2915 1212 2999 debet,
1242 2915 1366 2982 leniens

221 3023 278 3087 illa
305 3023 449 3089 iustitiae
477 3023 687 3088 acrimoniam
714 3025 748 3088 et
774 3021 884 3108 legum
911 3024 1052 3109 rigorem
1085 3025 1286 3106 temperans:
1318 3023 1364 3088 ita

222 3129 404 3213 antiquitus
432 3151 491 3214 par
518 3149 589 3193 esse
617 3129 723 3194 visum
751 3132 814 3212 cst,
844 3129 1028 3196 severitatis
1056 3128 1261 3196 exactoribus
1284 3133 1367 3196 tam·

221 3257 319 3320 qnam
341 3257 380 3300 ex
404 3234 539 3300 adverso
562 3236 707 3319 positum
730 3256 800 3302 esse
824 3234 965 3321 aliquem
988 3239 1164 3320 patronum
1187 3239 1365 3300 vestrarum

220 3363 328 3407 rerum
356 3344 389 3406 et
416 3344 572 3426 tutorem,
600 3341 737 3406 iniuriae
766 3342 795 3407 ai
823 3361 887 3426 qua
908 3363 974 3407 non
998 3363 1018 3406 a
1039 3340 1147 3426 vobis,
1176 3341 1231 3407 sed
1256 3341 1366 3407 vobis

221 3449 280 3514 fiat
308 3448 584 3533 propulsatorem,
612 3447 775 3513 libertatis
803 3451 912 3513 autem
935 3451 1022 3513 recte
1050 3452 1083 3512 et
1105 3447 1271 3533 sapienter
1293 3447 1367 3513 defi·

221 3554 310 3619 nitae
333 3554 535 3620 defensorem
558 3557 655 3640 atque
677 3559 966 3640 propugnatorem
1006 3553 1115 3641 Atque
1138 3555 1223 3621 hanc
1245 3574 1308 3640 ego
1331 3559 1368 3620 ut

224 3661 436 3726 laetissimam
455 3661 786 3746 acceptissimamqne,
804 3662 853 3725 ita
870 3661 1130 3727 efficacissimam
1146 3662 1367 3728 fructuosissi-

222 3790 372 3854 mamque
390 3774 518 3854 partem
537 3769 733 3854 interpretor
752 3769 851 3835 officii
868 3769 949 3834 mihi
969 3769 1168 3854 demandati3
1190 3769 1253 3835 hcc
1272 3768 1367 3834 nobis

222 3876 377 3962 vobisque
395 3897 434 3941 ex
457 3877 612 3961 pristinae
642 3875 794 3942 fortunae
816 3877 912 3941 ruina
934 3877 1081 3942 relictum
1106 3876 1367 3960 vindicatumque

222 3983 383 4074 gratulor,
410 3982 495 4068 quod
523 3983 628 4048 adhuc
655 3987 784 4050 servata
811 3986 862 4048 eat
884 3987 1022 4068 paterna
1044 3984 1102 4049 illa
1123 4005 1251 4048 morum
1274 3981 1368 4048 disci·

223 4091 313 4174 plina
339 4090 487 4156 Rectoris
516 4090 724 4173 potissimum
753 4091 903 4157 manibus
930 4091 1065 4156 tradita:
1094 4112 1159 4176 qua
1187 4093 1220 4154 et
1247 4088 1367 4153 aetatis

223 4199 350 4262 vestrae
374 4195 555 4262 rationibus
579 4198 665 4260 recte
693 4198 820 4263 consuli
843 4201 876 4263 et
899 4197 967 4262 eius
996 4195 1258 4279 necessitudinis,
1286 4215 1367 4280 quae

224 4303 309 4366 inter
327 4304 502 4388 magistros
521 4304 732 4388 alumnosque
751 4303 932 4388 intercedit,
954 4302 1105 4388 dignitati
1123 4301 1367 4386 integritatique

221 4409 373 4474 satisfieri
390 4411 549 4477 maiorum
567 4411 727 4495 sapientia
743 4411 915 4496 perspexit
947 4411 1061 4495 ltaque
1079 4410 1165 4494 qnod
1185 4409 1277 4476 vobis
1297 4430 1367 4496 ego

223 4519 409 4602 promptum
431 4522 644 4602 paratumque
663 4517 804 4583 studium
823 4540 861 4582 ex
884 4516 984 4584 animi
1003 4517 1066 4582 mei
1086 4517 1249 4584 sententia
1265 4520 1369 4583 testor

448 4795 465 4832 Ι
