3302 5076
311 409 375 473 638
688 423 924 472 nsrnmrsoas
948 423 1077 472 anons.

313 590 440 652 quoque
472 571 565 650 parte
598 566 661 631 sibi
694 567 843 632 satisfiat.
897 565 1018 642 Quodsi
1055 565 1166 649 dispar
1198 564 1336 630 aliarum
1369 565 1453 632 ratio

308 673 550 758 disciplinarum
575 676 638 738 est:
662 676 695 736 et
719 677 770 738 est
793 695 870 738 sane
894 695 960 738 una
983 673 1164 756 praecipue,
1186 694 1204 735 e
1224 695 1287 756 qua
1305 672 1361 758 qui
1379 693 1453 757 pro·

309 780 409 845 dsunt
432 781 559 864 saepius
583 803 679 866 quarn
703 781 802 846 velles
826 781 867 844 ab
891 782 971 845 artis
996 801 1105 846 amore
1129 779 1309 844 seiunctum
1332 779 1453 845 habent

309 886 397 951 vitae
421 908 530 952 usum:
554 887 725 953 dolendum
748 888 834 952 istud
854 886 982 982 quidem
1001 889 1064 970 est3
1088 909 1149 952 nos
1168 890 1285 972 autem,
1309 887 1363 972 qui
1382 885 1452 970 pbi-

308 993 453 1078 lologiae
481 1016 600 1060 nomen
627 993 785 1071 dedimus,
813 992 1077 1077 congratulemur
1100 992 1195 1058 nobis
1219 994 1384 1060 artissimo
1407 993 1453 1059 ri·

308 1104 361 1165 tae
385 1106 418 1166 et
442 1101 522 1166 artis
547 1101 676 1165 vinculo
700 1100 872 1164 coniuncta
895 1098 1017 1182 studia,
1045 1120 1104 1163 uec
1133 1099 1326 1166 divellamus
1350 1123 1370 1165 a
1391 1101 1453 1164 lin-

308 1229 447 1293 guarum
465 1208 660 1273 tractatione
679 1208 822 1291 reliquae
842 1206 1049 1290 antiquitatis
1069 1205 1357 1292 investigationem
1377 1207 1454 1272 licet

310 1339 329 1379 a
359 1314 541 1380 scholarum
571 1313 803 1378 consuetudine
833 1313 900 1378 fers
932 1313 1087 1397 alienam,
1119 1314 1189 1379 sine
1219 1337 1283 1400 qua
1312 1351 1350 1361 —
1381 1335 1453 1378 mea
1540 1306 1546 1316 ’

309 1420 439 1506 quidem
471 1420 697 1504 qualicumque
729 1419 881 1504 opinione
914 1457 956 1470 -
989 1420 1069 1485 artis
1102 1422 1278 1488 necessitas
1312 1421 1451 1487 habetur

312 1527 412 1593 nulla

397 1632 484 1716 Dixi,
507 1633 535 1696 si
557 1633 642 1698 forte
665 1633 772 1698 minus
796 1655 854 1718 pro
878 1634 1117 1718 exspectatione
1139 1638 1257 1718 restra,
1280 1638 1391 1699 tamen
1414 1638 1451 1700 nt

310 1741 414 1826 potui,
445 1739 530 1825 quod
554 1740 649 1804 sensi.
695 1739 765 1816 Quo
788 1741 895 1824 magis
918 1741 1035 1824 laetor,
1063 1741 1162 1807 etiam
1191 1741 1238 1826 id,
1265 1741 1352 1826 quod
1376 1740 1448 1805 reli-

310 1868 409 1931 quum
444 1849 507 1928 est,
539 1866 577 1909 ex
608 1844 709 1910 animi
735 1845 899 1911 sententia
927 1869 948 1912 a
977 1868 1028 1911 me
1060 1868 1156 1930 posse
1187 1847 1260 1914 dici.
1305 1847 1450 1912 Pertinet

311 1957 420 2017 autem
441 1952 503 2017 hoc
527 1973 600 2016 cum
624 1951 664 2034 ad
688 1952 841 2038 reliquos,
864 1975 1002 2037 quorum
1026 1954 1166 2040 benigna
1185 1953 1370 2039 praesentia
1387 1976 1454 2019 am·

311 2059 491 2150 piissimam
518 2058 604 2123 hanc
631 2081 783 2124 coronam
812 2060 1059 2126 condecoratam
1087 2060 1195 2146 video,
1226 2064 1296 2127 tum
1324 2060 1365 2126 ad
1390 2083 1456 2142 ror,

310 2165 455 2251 collegae
473 2166 757 2250 praestantissimi,
777 2167 968 2250 quibuscum
987 2167 1171 2252 gravissimi
1190 2169 1332 2232 muneris
1352 2167 1453 2234 socie-

311 2276 380 2336 tate
403 2270 638 2356 Augustissimi
661 2271 761 2358 Regis
788 2274 961 2338 clementia
984 2273 1364 2358 sapientissimorumque
1387 2274 1456 2338 eius

312 2378 536 2443 ministrorum
561 2380 737 2445 auctoritas
761 2402 812 2444 me
836 2380 1043 2445 coniunctum
1063 2380 1174 2446 voluit.
1207 2380 1351 2456 Quorum
1375 2379 1456 2444 milii

312 2507 385 2549 cum
407 2485 537 2570 publica
559 2487 668 2571 gratia
690 2490 724 2550 et
747 2486 998 2570 commendatio,
1026 2491 1097 2552 tum
1124 2488 1286 2571 privatum
1310 2486 1452 2552 studium

312 2612 350 2655 ac
373 2591 523 2656 voluntas
551 2595 620 2656 tam
649 2592 810 2657 cumulate
834 2593 1053 2678 corruperunt,
1086 2593 1169 2658 nihil
1193 2599 1230 2660 ut
1253 2594 1303 2658 vel
1327 2593 1367 2658 ad
1391 2593 1457 2678 pie-

312 2699 391 2762 tatis
416 2697 559 2764 officium
582 2699 736 2783 sanctius,
760 2699 810 2764 vel
836 2697 876 2763 ad
895 2699 995 2786 animi
1019 2701 1170 2766 affectum
1196 2700 1362 2784 antiquius
1385 2719 1456 2785 gra·

312 2805 368 2870 tiis
396 2805 529 2889 agendis
560 2804 680 2869 habere
712 2827 764 2870 me
792 2828 888 2889 posse
920 2806 1073 2890 arbitrer,
1107 2829 1209 2891 neque
1243 2807 1326 2890 quod
1361 2828 1456 2890 erop-

313 2916 379 2976 tem
406 2911 543 2976 habeam
570 2915 699 2996 praeter
725 2912 868 2977 eiusdem
895 2913 1175 2978 conservationem
1203 2913 1458 2978 benevolentiae.

313 3017 428 3084 Valete
451 3020 552 3104 igitur
575 3023 608 3084 et
630 3018 745 3084 favete.
791 3018 876 3084 Diri.

872 3395 902 3459 3.

314 3536 504 3602 [raudatio
527 3535 606 3602 Lib.
630 3535 797 3603 Beronis
817 3535 947 3602 Caroli
971 3537 1014 3601 de
1034 3533 1143 3602 Stein
1166 3536 1213 3600 ab
1233 3534 1458 3600 Altenstein

718 3665 839 3728 nuper
862 3641 1053 3728 mortui.*)

262 3825 301 3866 m
404 3783 526 3850 Recens
556 3789 605 3850 est
632 3785 667 3849 in
697 3786 841 3851 omnium
872 3787 988 3850 animis
1018 3786 1075 3851 ille
1103 3807 1168 3850 non
1196 3784 1326 3850 fucatus
1355 3783 1457 3866 dolor,

315 3914 379 3978 quo
401 3893 513 3977 paucis
536 3892 653 3958 abhinc
676 3893 841 3957 mensibus
861 3915 881 3957 a
898 3892 985 3957 bono
1004 3913 1129 3976 qnoque
1148 3890 1356 3957 tristissimus
1374 3911 1456 3954 nun·

385 4087 411 4157 ¹)
435 4087 585 4157 [impressa
603 4087 647 4140 est
664 4086 734 4141 haec
752 4085 843 4142 ontio
861 4083 892 4140 in
909 4085 1118 4155 programmate
1137 4084 1298 4140 academico
1310 4082 1456 4139 »Bonncrm

315 4195 340 4234 a
362 4182 430 4230 1840
454 4174 494 4229 sic
517 4174 664 4244 inscripto:
699 4173 871 4230 ‘Immortali
896 4171 1047 4228 memoriae
1063 4173 1068 4244 Ι
1085 4172 1138 4228 riri
1155 4171 1324 4242 perillustris
1340 4173 1345 4238 Ι
1361 4170 1456 4226 Liberi

316 4263 432 4318 Baronis
448 4266 453 4332 Ι
469 4263 561 4318 Caroli
581 4263 616 4316 de
635 4262 714 4316 Stcin
738 4262 775 4316 ab
794 4261 951 4315 Altcnstein
968 4263 972 4328 Ι
987 4261 1017 4316 in
1036 4277 1123 4332 regno
1142 4259 1291 4316 Boruseico
1310 4276 1401 4314 rerum
1421 4259 1458 4314 ad

315 4351 459 4422 religionis
478 4351 593 4418 cultum,
609 4351 614 4421 Ι
630 4349 834 4406 institutionem
853 4350 995 4420 publicam
1014 4352 1043 4403 et
1061 4353 1150 4404 artem
1166 4349 1301 4404 medicam
1317 4348 1458 4420 pertinen·

315 4441 386 4496 tium
407 4443 411 4508 Ι
431 4458 481 4510 per
504 4440 595 4494 XXllI
620 4455 755 4494 annorum
779 4439 900 4508 spatium
924 4437 1026 4493 summi
1049 4437 1184 4508 praesidis
1201 4440 1205 4506 Ι
1221 4454 1254 4492 ac
1273 4437 1458 4492 moderatoris

316 4529 514 4598 liberalissimi,
534 4527 733 4599 sapientissimi
749 4531 753 4599 Ι
769 4529 843 4598 grati
867 4527 954 4584 animi
973 4528 1182 4580 monumentum
1199 4529 1205 4600 Ι
1220 4529 1251 4582 et
1269 4527 1459 4583 venerationis
