3318 5072
555 371 819 421 ausunnrrours
844 373 1051 422 autumnas.
1309 357 1375 423 503

231 541 258 582 v.
282 517 357 582 954.
383 481 545 598 1osc'pf.
570 537 669 600 supra
693 539 723 600 p.
745 516 841 599 asu:
884 471 889 480 ’

196 649 201 660 ’
320 642 372 724 dn
396 659 542 726 illatam
566 663 653 726 esset
675 659 806 743 stultus,
829 659 884 745 qui
909 659 985 726 mdti
1008 659 1095 724 mssle
1119 683 1287 726 nummum
1310 665 1374 726 cre'-

1080 767 1181 833 deret.

319 873 391 940 Ηόο
420 875 475 960 qui
503 876 538 939 in
561 877 705 940 mentem
729 875 855 942 uenerit
876 874 968 954 aliti,
1000 877 1035 940 re
1060 876 1277 941 commonitus
1301 882 1395 952 sum,
1483 909 1491 918 ·

1082 981 1187 1048 modo.

229 1087 373 1164 Quorum
396 1087 559 1174 posterius
583 1088 728 1172 asperius
751 1093 801 1154 ost
823 1089 945 1173 priore:
969 1112 1045 1154 uam
1068 1089 1103 1154 in
1125 1088 1188 1154 hoc
1210 1075 1272 1155 etsi
1295 1091 1374 1156 neda

227 1217 293 1261 non
321 1199 432 1280 potest
459 1217 537 1260 sane
569 1217 635 1260 non
659 1195 814 1280 coniungi
836 1217 910 1261 cnm
932 1195 1000 1278 qui,
1031 1195 1117 1260 idem
1140 1199 1249 1262 tarum
1273 1197 1372 1262 etiam

228 1303 268 1368 ad
299 1303 503 1388 insequentia
531 1303 688 1386 pertincte
725 1306 838 1368 contra
867 1303 901 1368 in
932 1303 1036 1368 altero
1067 1325 1140 1368 cum
1171 1303 1251 1370 solis
1281 1325 1371 1387 prae·

229 1411 350 1498 gressis
377 1409 457 1475 mihi
482 1433 599 1476 nexum
629 1415 692 1495 est,
724 1411 765 1476 ab
790 1411 837 1476 cis
861 1432 944 1496 quae
968 1414 1148 1497 sequuntur
1170 1433 1303 1494 prorsus
1326 1410 1371 1475 di-

227 1522 399 1604 remptum.
444 1517 557 1603 Itaque
585 1518 671 1583 haud
703 1517 769 1583 scio
798 1540 841 1583 an
868 1540 932 1584 non
961 1518 1042 1584 satis
1066 1517 1265 1584 confidenter
1288 1517 1371 1582 hanc

226 1623 513 1708 transpositionem
537 1625 709 1693 verborum

316 1747 386 1814 Hdc
410 1749 465 1833 qui
490 1748 615 1813 uenerit
638 1748 682 1813 mi
706 1749 739 1812 in
763 1751 918 1832 mentem,
947 1750 981 1812 re
1004 1772 1029 1814 c.
1054 1771 1078 1814 s.
1103 1771 1143 1813 m.

229 1895 357 1957 tantum
386 1892 420 1956 in
449 1890 661 1957 annotatione
690 1889 898 1956 laudaverim.
940 1889 1047 1976 Magis
1069 1891 1183 1956 haeret
1206 1891 1244 1955 de
1267 1892 1370 1957 altero

226 2020 321 2065 versu
353 1997 525 2064 iudicium:
561 1998 615 2083 qui
650 1998 711 2062 etsi
742 1997 910 2063 lenissima
936 1997 1117 2062 mutatione
1146 1997 1186 2062 ad
1214 1995 1368 2063 usitatam
1396 2015 1400 2024 ·

226 2105 479 2171 concinnitatem
503 2105 549 2169 sic
572 2109 756 2170 revocatur:

313 2230 365 2312 dn
388 2227 443 2313 ille
468 2251 534 2313 tam
560 2251 645 2311 esset
669 2246 803 2330 stultus,
825 2244 903 2310 ntihi
925 2245 980 2328 qui
1002 2268 1043 2309 m.
1067 2268 1097 2310 n.
1121 2267 1156 2330 c,

225 2395 336 2455 tamen
368 2393 436 2455 tam
469 2389 550 2454 exile
584 2389 646 2454 hoc
677 2387 884 2473 potissimum
916 2386 994 2452 mibi
1021 2410 1197 2472 pronomen
1227 2392 1290 2474 est,
1323 2395 1369 2475 ut,

225 2497 353 2564 etiarnsi
378 2518 443 2561 non
468 2495 673 2561 scribendum
698 2493 741 2560 sit
764 2494 808 2558 mi
832 2497 907 2559 ante
931 2499 1172 2578 consonantem,
1194 2499 1304 2561 temen
1327 2497 1367 2562 ad

224 2601 469 2686 monosyllabae
497 2601 772 2688 pronuntiationis
803 2599 1010 2686 rapiditatem
1039 2602 1184 2684 proxime
1213 2604 1367 2670 accedens

223 2711 275 2776 vix
299 2710 472 2796 quicquam
496 2710 665 2774 molestiae
690 2708 822 2774 auribus
846 2708 961 2772 afferre
984 2707 1178 2794 videatur.*)
1215 2708 1306 2785 Quod
1331 2715 1367 2775 ut

223 2817 361 2882 sentiam
385 2817 450 2881 alia
473 2838 524 2880 nte
548 2815 668 2880 similia
692 2814 839 2899 exempla
862 2817 994 2878 mouent
1017 2820 1054 2879 ut
1071 2814 1189 2880 Bacch.
1208 2817 1281 2880 505.
1301 2818 1365 2880 679

222 2923 310 3004 [537.
336 2923 429 3003 716];

310 3027 398 3094 Ge'na
421 3029 522 3095 detur.
558 3027 633 3095 Non
657 3027 763 3113 placet
786 3027 864 3092 milri
888 3029 966 3093 cena
989 3049 1071 3111 quae
1094 3027 1192 3092 bile'm
1217 3031 1336 3093 mouet.

313 3133 396 3210 Quid
426 3157 510 3199 nunc
533 3156 568 3198 es
592 3135 760 3199 faotrtrua?
797 3135 829 3198 id
853 3135 931 3198 mibi
953 3132 1032 3199 dice.
1078 3133 1247 3198 Coctumst
1269 3137 1365 3218 pran-

914 3245 917 3256 '
1072 3241 1170 3306 dium.

222 3350 345 3416 Varum
369 3353 498 3434 praeter
515 3349 598 3413 hanc
618 3347 692 3412 aliis
712 3347 974 3412 excusationibus
994 3346 1101 3414 locum
1120 3347 1252 3414 concedi
1270 3369 1363 3432 nego.

221 3457 323 3524 Valde
347 3455 487 3523 insolens
512 3458 564 3522 est
586 3478 615 3519 v.
630 3455 696 3518 935
719 3453 770 3516 his
794 3452 966 3518 verborum
990 3454 1157 3527 ordinibus
1181 3452 1279 3520 Ν1υ
1301 3454 1363 3520 dis·

221 3567 332 3647 pestus
356 3563 390 3628 in
414 3565 530 3647 quarto
555 3559 634 3646 pede
657 3555 876 3643 dactylus**):

309 3703 371 3770 Sed
395 3705 450 3769 ubi
475 3701 678 3786 apsinthium
702 3701 740 3766 fit
763 3705 854 3784 cupreo
876 3701 981 3766 cunila
1004 3699 1193 3786 gallinacea.

218 3848 433 3934 Quapropter,
451 3847 513 3912 etsi
533 3867 686 3933 graecum
706 3845 815 3926 κονίλη
835 3866 962 3926 nomeu,
985 3847 1022 3908 ut
1036 3843 1193 3908 Nicandri
1212 3846 1360 3931 exemplo
1375 3870 1512 3912 oonxm

218 3954 427 4040 intellegitur,
450 3954 607 4038 producta
629 3953 833 4038 paenultima
851 3951 972 4016 dictum
991 3955 1051 4034 est,
1075 3955 1184 4015 tamen
1202 3949 1286 4016 idem
1307 3951 1360 4015 vix

217 4060 342 4124 videtur
373 4058 586 4125 dubitandum
617 4081 686 4124 esse
716 4059 794 4145 quin
825 4061 951 4123 mutata
981 4056 1133 4140 prosodia
1160 4056 1194 4121 in
1223 4056 1359 4121 latinam

217 4186 427 4194 --—--..—-

322 4233 347 4304 ΙΙΙ)
374 4235 417 4306 [In
448 4233 490 4288 ed.
515 4233 563 4287 alt.
594 4232 748 4302 simplicius
778 4233 866 4288 visum
891 4234 936 4288 est
958 4229 1113 4286 Ritschelio
1136 4229 1199 4298 ipsa
1222 4227 1361 4299 scriptura

215 4322 469 4392 pronuntiationem
489 4322 651 4392 exaequari:
671 4323 705 4377 ot
724 4321 798 4378 infra
815 4341 843 4394 p.
858 4323 932 4395 tlt]

305 4410 346 4480 **)
369 4411 422 4483 [Cf.
442 4409 528 4479 praei.
549 4409 608 4464 Mil.
627 4407 697 4479 glor.
717 4429 744 4480 p.
763 4424 841 4479 1111,
870 4411 972 4481 Opusc.
991 4407 1060 4479 phil.
1081 4407 1106 4461 11
1125 4426 1152 4478 p.
1172 4413 1273 4476 tetsq.
1294 4407 1357 4462 coll.

214 4519 242 4570 p.
261 4505 323 4556 aaa.
342 4499 415 4570 sor]
