3332 5074
323 371 389 440 420
612 383 872 442 repansorum
897 389 943 441 os
966 377 1180 442 nrr'romnvs

324 537 365 602 Ε.
383 539 486 602 minor·
503 535 534 601 h.
555 559 580 601 e.
599 538 710 604 Minor
729 542 762 604 el
779 537 950 606 Enoasmr
968 561 1126 624 personae
1144 543 1224 605 nola
1242 541 1363 604 orbum:
1386 535 1469 604 unde

324 645 418 710 unius
448 644 592 729 syllabae
620 646 798 712 adiectione
826 649 873 712 sic
900 652 990 714 bolus
1018 670 1130 714 versus
1160 647 1344 731 integritati
1375 647 1470 711 resti·

323 751 477 816 luendus:

410 893 518 959 Minor
540 897 795 982 intermindrque
819 920 858 962 ne
882 898 954 983 quis
978 901 1064 963 minc
1088 897 1132 961 mi
1151 897 1317 983 opstiterit
1335 896 1465 962 obuiam

323 1035 374 1099 vel
401 1037 483 1102 mini
510 1041 575 1102 ioue
602 1040 751 1104 obstiterit
777 1041 913 1104 obuium.
960 1039 1029 1106 Nec
1058 1039 1204 1126 profecto
1237 1040 1317 1104 sabis
1345 1042 1469 1104 certum

322 1142 386 1206 dici
409 1144 582 1209 Asinariae
606 1146 789 1231 exemplum
812 1150 922 1232 polest
945 1147 969 1231 l,
995 1150 1022 1231 1,
1045 1148 1103 1214 48:

190 1299 309 1339 0121111
412 1284 531 1351 Fabeor
554 1309 625 1352 eam
649 1309 718 1354 esse
742 1290 962 1374 importunam
986 1293 1082 1374 atque
1106 1287 1357 1354 incommodam:

322 1427 389 1490 siva
417 1429 502 1493 enim
531 1411 576 1493 rui
602 1433 652 1497 vel
682 1435 759 1516 post
785 1454 853 1496 cono
876 1431 927 1496 vel
950 1435 1026 1516 posb
1048 1432 1259 1512 importunam
1282 1430 1464 1511 inserueris,

321 1535 389 1600 sive
411 1557 462 1619 epo
485 1542 562 1621 post
581 1538 690 1622 sanor,
719 1561 784 1604 non
808 1539 1023 1603 reiectaneum
1048 1537 1089 1601 ab
1113 1537 1207 1600 initio
1230 1537 1466 1621 proceleusma-

321 1641 421 1706 licum
439 1642 586 1722 habebis,
610 1645 678 1708 sive
696 1646 741 1708 mi
760 1648 835 1709 aule
853 1667 921 1709 eoos
941 1643 1109 1726 addideris,
1132 1664 1315 1708 mensuram
1335 1664 1465 1727 prorsus

321 1746 545 1832 legitimam.*l
583 1749 660 1815 Plus
685 1751 828 1835 scrupuli
851 1751 956 1815 fateor
974 1748 1184 1834 Captivorum
1208 1769 1337 1814 uersum
1357 1749 1414 1833 lll,
1437 1751 1467 1832 3,

324 1855 364 1916 15
386 1854 506 1920 inicere
530 1857 581 1921 his
606 1857 703 1942 vulgo
733 1858 841 1922 verbis
868 1857 1092 1922 terminatum:
1122 1855 1283 1920 mdehioo'r
1309 1857 1466 1921 osniliouc.

321 1958 444 2026 Verum
466 1963 555 2028 illius
580 1986 715 2030 scaenae
739 1965 860 2028 exilum
889 1985 950 2048 ego
980 1963 1109 2048 quidem
1140 1985 1330 2047 persuasum
1360 1963 1464 2028 habeo

320 2065 417 2152 longe
445 2071 649 2154 gravissimis
678 2071 866 2137 vulneribus
894 2070 1051 2136 afflictum
1079 2091 1159 2135 esse.
1204 2067 1272 2134 Nec
1301 2069 1385 2132 enim
1412 2071 1463 2135 vel

320 2177 498 2241 sententiae
521 2179 555 2244 in
574 2179 646 2264 ipso
665 2180 729 2244 line
748 2184 833 2244 recle
853 2178 1031 2264 procedunt
1049 2199 1108 2242 nec
1128 2174 1330 2261 singolorum
1349 2175 1466 2258 pedum

320 2301 473 2347 mensura
496 2288 633 2370 constal,
656 2308 715 2350 nec
738 2285 805 2350 ullo
830 2284 925 2350 modo
950 2284 1085 2350 noviciis
1104 2282 1282 2347 editoribus
1300 2281 1381 2345 illud
1400 2303 1465 2346 cre·

320 2386 458 2451 dandum
489 2394 551 2474 est,
579 2395 654 2474 posi
681 2391 870 2457 incohatum
899 2409 929 2456 v.
957 2385 1004 2454 10·
1018 2389 1202 2474 legitimum
1231 2391 1369 2452 metrum
1398 2391 1464 2452 hro-

320 2491 466 2558 chaicum
495 2517 552 2579 per
581 2498 701 2562 mixtos
729 2519 746 2561 e
774 2497 938 2574 trochaico
968 2501 999 2560 el
1030 2495 1169 2559 iambico
1198 2513 1316 2578 genera
1344 2516 1465 2576 versus,

320 2619 437 2683 eosque
461 2599 540 2666 adeo
565 2605 724 2686 senarios,
748 2603 944 2669 breviculam
968 2623 1117 2667 scaenam
1141 2600 1183 2665 ad
1210 2601 1306 2664 finem
1330 2600 1461 2685 perduoi

319 2704 408 2768 nullo
428 2707 527 2771 animi
547 2715 675 2791 praeter
693 2710 826 2774 solitum
846 2709 1000 2773 concitati
1020 2709 1135 2772 affectu
1155 2709 1323 2772 variatam.
1353 2707 1465 2784 Qualis

319 2814 495 2877 melromm
519 2814 687 2900 discriptio
712 2837 775 2900 quo
799 2818 849 2879 esi
871 2814 1075 2898 insolentior,
1104 2835 1141 2876 eo
1166 2813 1317 2877 fidentius
1344 2814 1464 2898 aliquid

319 2917 501 2984 audendum
525 2923 575 2986 est
597 2921 715 3006 potius,
739 2944 835 3006 quam
859 2919 1092 2985 defendendum
1116 2918 1266 3005 ignavius
1285 2920 1370 3004 qnod
1390 2941 1464 3002 pro-

320 3023 492 3089 habilitate
520 3032 636 3092 careat.
682 3027 795 3111 ltaque
825 3049 897 3092 cum
925 3027 1056 3091 illorum
1087 3047 1236 3090 versuum
1268 3025 1299 3088 in
1328 3025 1363 3089 B
1385 3025 1464 3090 haec

320 3132 443 3215 species
468 3133 524 3196 sit:

406 3271 519 3358 Neque
538 3276 603 3340 iam
623 3276 710 3340 salus
730 3298 859 3341 seruare
878 3277 906 3340 si
926 3277 996 3341 uolb
1014 3298 1064 3340 me
1087 3277 1198 3358 potest
1220 3295 1279 3337 neo
1298 3273 1393 3358 copia
1413 3276 1463 3338 est

408 3379 480 3446 Nisi
505 3381 533 3444 si
557 3381 700 3466 aliquam
724 3384 819 3448 corde
843 3383 1011 3447 machinor
1034 3381 1200 3446 astuciam.

407 3486 478 3563 Qua
506 3489 627 3553 malum
656 3489 732 3573 quid
762 3489 928 3555 machiner
955 3488 1031 3573 quid
1056 3487 1282 3553 comminiscar
1305 3486 1463 3550 maximas
1498 3559 1503 3570 Ι

406 3591 520 3678 Nugas
545 3595 683 3678 ineptias
706 3597 860 3681 incipisse
882 3595 1013 3660 haereo:

318 3736 587 3821 quemadmodum
611 3739 826 3803 certissimum
851 3738 995 3802 omnium
1018 3741 1097 3822 puto
1120 3737 1276 3802 uoooiruns
1299 3739 1332 3799 el
1354 3736 1462 3800 lacerno

317 3845 550 3911 vocabulorum
574 3845 665 3910 sedes
689 3849 890 3929 permutatas
914 3867 994 3929 esse,
1016 3845 1065 3909 ila
1084 3845 1123 3908 ad
1142 3843 1315 3909 secundum
1335 3863 1461 3926 qnoque

318 3973 448 4016 versum
477 3952 601 4037 aliquid
628 3953 799 4017 turbarum
827 3951 1033 4037 pertinuisse
1044 3951 1210 4036 intellego.
1255 3949 1338 4014 Vide
1361 3949 1462 4034 igitur

318 4143 404 4194 quam
422 4127 528 4180 aminon
546 4128 708 4197 suspectum
725 4143 828 4182 nomen
847 4127 977 4182 emissario
995 4125 1030 4180 de
1048 4125 1141 4180 medio
1160 4123 1260 4179 tollere
1280 4123 1359 4193 Caph.
1378 4122 1425 4192 1v,
1436 4129 1461 4190 2,

318 4221 365 4270 19:
384 4215 460 4286 qnod
477 4215 532 4270 hun
552 4215 717 4286 corrigendo
736 4216 917 4284 catillatum,
935 4217 1087 4284 pomonam
1105 4232 1132 4269 v.
1148 4220 1179 4268 11
1199 4215 1290 4268 minor
1308 4213 1338 4270 in
1356 4213 1460 4268 crninor

317 4319 383 4358 casu
401 4305 532 4359 verterat„
569 4293 682 4359 Excidit
699 4303 753 4358 nisi
770 4303 855 4358 fallor
872 4321 937 4358 nom
956 4305 1020 4358 ante
1039 4305 1109 4358 min:

440 4393 517 4459 Quas
535 4391 620 4448 illaec
638 4408 703 4446 nam
721 4392 884 4448 minbhiosb?
902 4409 968 4447 nam
985 4393 1095 4461 nequeo
1114 4389 1210 4446 mirari
1228 4390 1331 4462 salia’]

406 4499 431 4566 ¹³)
451 4498 597 4567 [‘Fotebor
616 4497 839 4553 restituendum?
869 4497 1041 4553 Rilachelins
1059 4497 1088 4552 iu
1107 4513 1170 4553 ann.
1190 4497 1226 4552 ad
1245 4497 1303 4551 nil.
1324 4497 1397 4569 blla]
