3338 5072
301 405 369 473 290
420 483 426 498 ¹
585 422 850 473 anonaeounna
874 423 922 473 nn
946 422 1158 474 samonnsvs

303 567 465 651 scriptura
487 567 569 632 nihil
593 567 656 632 sibi
679 568 813 633 calidius
836 570 1031 654 persuadeat
1059 569 1123 634 nisi
1147 566 1233 653 quod
1256 568 1290 634 in
1312 568 1371 634 illo
1396 591 1448 632 ex·

303 678 390 740 stare
413 674 492 759 ipsis
516 673 623 738 verbis
647 677 762 760 tester,
796 677 941 741 omnium
970 679 1078 742 autem
1109 674 1241 740 minime
1264 675 1299 741 in
1322 675 1369 739 eis
1393 694 1450 758 pa·

303 781 404 867 ginis,
437 803 519 866 quae
547 779 718 846 fortiorem
746 781 879 848 lituram
907 805 1023 868 passae
1053 786 1142 867 sunt,
1174 783 1213 847 dc
1236 781 1450 848 Ambrosiani

303 911 376 954 cum
405 891 535 972 recepta
564 887 727 972 scriptura
755 909 914 954 consensu
942 890 1116 974 quicquam
1139 909 1157 953 e
1180 887 1311 954 silentio
1334 891 1448 953 nostro

303 995 484 1060 coniectum
509 998 571 1060 eat.
612 993 726 1079 Itaque
749 994 944 1081 ubicumque
967 997 1060 1062 libros
1082 996 1148 1062 dixi
1173 995 1376 1080 simpliciter,
1403 995 1449 1060 in·

302 1101 416 1186 tellegi
443 1099 585 1185 reliquos
610 1101 683 1165 volo
710 1105 840 1186 praeter
862 1103 903 1167 A.
932 1139 974 1149 -
1002 1101 1064 1168 His
1092 1102 1148 1167 ubi
1175 1102 1258 1166 illud
1287 1101 1450 1186 addidero,

303 1226 516 1293 personarum
544 1207 595 1272 vel
624 1211 720 1272 notas
748 1209 799 1274 vel
828 1209 962 1275 nomina
985 1209 1018 1274 in
1042 1208 1122 1293 ipsis
1147 1209 1350 1275 sermonibus
1373 1208 1452 1273 Am-

302 1314 493 1380 brosianum
517 1313 608 1378 nulla
630 1313 766 1399 habere,
799 1317 855 1381 sed
878 1338 936 1400 pro
961 1317 1022 1400 eis,
1054 1316 1111 1381 ubi
1132 1316 1168 1380 iu
1191 1316 1313 1381 medios
1336 1335 1449 1380 versus

303 1420 458 1504 incidunt,
480 1420 629 1484 binarum
654 1420 838 1487 litterarum
858 1422 965 1507 spatia
983 1443 1094 1507 vacua,
1112 1422 1225 1487 videor
1243 1422 1277 1486 in
1295 1441 1449 1505 praesens

303 1527 475 1612 potissima
497 1525 640 1591 breviter
663 1529 847 1613 complexus
871 1550 950 1594 esse.

393 1632 545 1700 Ceterum
572 1635 662 1699 omni
693 1636 933 1701 asseveratione
961 1639 995 1700 ct
1021 1637 1154 1720 possum
1183 1639 1216 1701 et
1239 1635 1340 1701 debeo
1365 1635 1451 1701 affir-

135 1747 145 1756 ‘
224 1775 228 1786 ¹
304 1763 402 1826 mare,
425 1762 552 1806 summa
576 1763 658 1825 quae
681 1742 714 1806 in
738 1764 789 1808 me
813 1747 863 1808 est
886 1747 920 1809 et
942 1765 1020 1809 cure
1043 1747 1076 1809 et
1098 1743 1161 1808 fide
1184 1744 1217 1808 in
1240 1743 1273 1808 id
1292 1765 1344 1808 me
1362 1743 1450 1807 incu-

303 1849 426 1932 buisse,
459 1850 496 1913 ut
522 1846 563 1913 de
590 1847 809 1915 Ambrosiano
837 1854 871 1914 et
899 1857 973 1914 vere
1002 1853 1036 1914 et
1062 1851 1158 1935 plene
1186 1853 1333 1916 testarer.
1379 1848 1451 1926 Qua

305 1954 521 2020 affirmatione
544 1977 610 2020 nou
634 1955 759 2020 viderer
783 1977 864 2042 opus
887 1956 1022 2040 habere,
1052 1957 1116 2023 nisi
1140 1955 1181 2021 ab
1205 1954 1317 2021 amicis
1340 1977 1451 2020 narra·

305 2066 394 2127 retur
417 2061 501 2148 (ipse
525 2061 611 2126 enim
635 2062 742 2148 legere
765 2085 832 2130 non
855 2064 952 2146 soleo,
976 2085 1059 2148 quae
1083 2063 1184 2128 bilem
1202 2061 1361 2127 inutiliter
1383 2082 1450 2125 mo·

305 2173 379 2234 tura
402 2165 481 2255 sint)
506 2167 599 2233 valde
622 2168 807 2252 importune
825 2169 860 2235 in
878 2191 930 2234 me
948 2190 1052 2253 nuper
1070 2169 1233 2235 invectum
1253 2189 1333 2250 esse,
1356 2188 1451 2252 quem

305 2275 368 2341 etsi
391 2279 424 2339 et
441 2274 768 2360 neglegentissimum
790 2275 955 2342 hominem
974 2275 1258 2360 deprehendissem
1281 2279 1314 2340 et
1337 2294 1451 2358 parum

306 2405 326 2446 a
352 2386 470 2448 natura
499 2381 539 2446 ad
567 2380 773 2447 iudicandum
801 2381 924 2448 factam
951 2404 1097 2468 nossem,
1129 2387 1241 2448 lamen
1266 2382 1452 2464 maecum

302 2490 409 2572 pratia
435 2488 471 2552 iu
498 2509 536 2553 eo
560 2487 748 2572 adiuvisset,
772 2490 949 2556 utiterum
972 2492 1060 2557 adita
1082 2491 1302 2556 Ambrosiana
1323 2488 1452 2573 byblio-

239 2601 249 2624 '
305 2596 401 2660 theca
419 2593 590 2659 Plautinas
609 2594 816 2661 membranas
835 2596 940 2664 denuo
959 2599 1140 2683 inspiceret
1174 2597 1236 2674 Qui
1260 2597 1365 2662 sicubi
1388 2594 1451 2659 sibi

306 2700 394 2767 visus
425 2705 476 2766 est
504 2701 556 2766 vel
587 2703 754 2787 aliquanto
785 2704 881 2789 plura
911 2706 1021 2791 legere
1044 2705 1095 2770 vel
1125 2703 1248 2790 aliquid
1271 2724 1367 2788 quam
1391 2721 1452 2788 ego

305 2809 438 2874 rectius:
469 2811 579 2892 potest
605 2809 639 2873 id
668 2808 798 2895 quidem
822 2834 933 2877 serum
957 2835 1043 2879 esse:
1074 2834 1151 2878 uam
1176 2833 1240 2895 qua
1263 2829 1324 2896 ego
1346 2809 1451 2894 pervi-

306 2916 395 2982 cacia
417 2915 469 2980 vel
491 2914 645 2999 superbia
666 2937 783 3001 negem
806 2918 952 3001 potuisse
975 2918 1067 2984 fieri?
1090 2918 1145 2983 sed
1169 2917 1316 3002 prolecto
1339 2937 1452 2981 verum

305 3045 372 3088 non
398 3021 575 3088 habebitur
601 3026 776 3107 propterea
804 3025 880 3108 quia
902 3024 960 3090 ille
984 3025 1070 3092 dicit.
1116 3024 1220 3101 Quam
1245 3023 1332 3088 euim
1354 3022 1451 3088 fidem

306 3129 453 3195 veniatis
476 3127 596 3193 habere
620 3129 689 3195 cius
712 3130 935 3197 testimouium
959 3131 1094 3216 poterit,
1125 3153 1221 3217 quem
1247 3151 1320 3196 cum
1344 3130 1450 3214 legere

306 3235 503 3300 nescientem
526 3256 595 3319 uos,
619 3235 696 3320 quid
719 3241 806 3302 esset
828 3238 950 3324 legere,
973 3239 1195 3304 docuissemus
1219 3237 1325 3304 Musei
1347 3235 1452 3301 nostri

209 3365 212 3371 ·
307 3341 499 3427 philologici
521 3345 545 3408 t
568 3339 598 3405 V
621 3365 652 3426 p.
679 3343 742 3409 128
757 3365 826 3430 sqq.
851 3347 907 3426 [=
922 3343 1041 3429 Opusc.
1064 3344 1143 3430 phil.
1165 3343 1198 3409 II
1221 3367 1252 3428 p.
1277 3343 1342 3408 202
1358 3344 1450 3427 sqq.],

307 3471 419 3514 recens
451 3447 582 3512 doctum
614 3449 831 3534 comperimus
864 3473 880 3516 e
909 3472 980 3516 sero
1008 3452 1158 3518 tirocinio
1190 3452 1230 3516 ad
1261 3450 1452 3516 subitarium

232 3579 294 3620 xm
306 3557 472 3621 immaturi
495 3553 676 3640 magisterii
698 3556 935 3640 professionem
953 3558 1140 3643 emergere?
1163 3555 1237 3623 Tali
1255 3557 1357 3643 igitur
1375 3557 1451 3622 testi

308 3663 336 3728 si
358 3662 570 3746 crederemus,
593 3663 679 3747 quod
702 3663 842 3730 fortasse
866 3666 967 3732 caulis
990 3665 1113 3732 uostris
1132 3665 1211 3731 olim
1229 3666 1279 3730 vel
1298 3663 1453 3748 locupleti

307 3769 497 3834 testimonio
521 3768 676 3834 doctioris
700 3771 906 3857 eiusdemque
925 3772 1143 3858 diligentioris
1162 3772 1305 3838 hominis
1324 3771 1453 3838 creden·

307 3876 384 3942 dum
408 3875 483 3960 erit,
510 3875 685 3940 verendum
710 3881 779 3943 erat
801 3879 948 3962 profacto
972 3901 1013 3943 ne
1037 3901 1111 3945 cum
1134 3879 1192 3944 illo
1216 3878 1361 3944 levitatis
1384 3875 1450 3942 cul·

308 4005 383 4068 pam
409 3983 473 4068 ipsi
502 3983 828 4052 communicaremus:
861 3985 912 4051 sin
941 3985 1203 4072 obloqueremur,
1234 3985 1318 4052 unde
1345 3984 1454 4050 redar-

308 4091 428 4177 guendi
451 4090 653 4176 documento,
676 4091 752 4157 dum
776 4091 817 4158 ad
839 4095 920 4159 vada
938 4095 1063 4160 caesata
1076 4093 1179 4159 Rlsens‘
1201 4113 1376 4177 moramur,
1398 4113 1453 4175 pe·

307 4197 472 4262 teramus?
518 4196 637 4263 Tacere
666 4197 766 4284 igitur
795 4221 893 4284 quam
919 4201 1052 4265 latranti
1080 4199 1273 4284 respondere
1301 4198 1334 4264 in
1364 4219 1455 4282 prae·

308 4325 382 4368 sens
410 4304 610 4388 praestabat:
643 4304 790 4388 interim,
822 4305 898 4413 dqm
927 4307 1067 4372 recolere
1094 4305 1274 4390 hospitium
1297 4303 1454 4370 Mediola-

307 4431 406 4475 nense
429 4433 488 4494 per
508 4411 688 4476 felicicrum
711 4416 895 4497 temporum
919 4415 1198 4499 opportunitatem
1221 4414 1363 4498 licuerit,
1395 4433 1453 4476 suo

309 4515 443 4600 quisquc
467 4518 640 4602 arbitratu,
663 4520 729 4583 utri
751 4520 825 4602 plus
849 4521 999 4606 confidat,
1022 4523 1092 4606 ipse
1115 4521 1240 4588 viderit
