3302 5076
609 411 844 460 caranuscaa
868 412 996 460 annau.
1308 396 1372 462 667

228 554 324 621 ticiae
355 535 515 620 libertatis
546 541 747 620 academicae
778 554 827 618 vis
857 557 891 619 et
921 553 1044 640 species
1075 555 1373 640 comprehenditurr

227 661 369 746 primum
392 660 621 746 iurisdictione,
645 659 758 725 deinde
777 659 911 726 docendi
934 665 968 726 et
990 660 1143 726 libertate
1166 664 1200 727 et
1223 660 1297 726 aliis
1316 661 1373 726 tri·

228 769 374 834 bueudae
404 767 565 833 libertatis
593 767 762 850 facultate,
794 767 931 853 denique
959 789 1010 832 res
1039 789 1114 832 suas
1145 789 1217 832 cum
1248 769 1373 834 ceteras

230 879 301 940 turn
331 874 535 961 pecuniarias
565 873 813 940 administrandi
843 873 923 940 iure.
968 873 1094 940 Herum
1126 874 1269 959 partium
1301 895 1374 940 cum

228 981 355 1066 insigne
378 985 506 1066 praeter
528 979 671 1066 reliquas
693 979 819 1064 pondus
843 1001 882 1045 ea
904 980 1039 1064 habeat,
1070 1003 1152 1066 quae
1176 981 1216 1068 ad
1239 980 1374 1047 docendi

229 1088 300 1154 iura
328 1090 468 1172 spectat,
492 1092 564 1152 turn
587 1086 670 1151 nibil
696 1087 792 1152 nobis
816 1087 1003 1171 contingere
1028 1087 1211 1172 exoptatius
1234 1087 1374 1153 beatius-

229 1216 291 1280 que
313 1193 433 1278 potuit,
462 1214 560 1278 quam
588 1191 675 1277 quod
702 1192 787 1258 hanc
809 1193 1078 1259 universitatibus
1102 1192 1300 1278 libertatem,
1323 1194 1375 1258 cui

228 1323 323 1368 nemo
347 1301 479 1386 ignorat
502 1303 626 1384 quanta
648 1320 745 1384 saepe
767 1299 911 1385 pericula
933 1299 1157 1366 imminuerint
1180 1304 1213 1365 et
1236 1300 1374 1366 fortasse

229 1409 413 1474 etiamnunc
431 1407 632 1488 immineant,
652 1405 765 1489 adhuc,
784 1405 811 1470 si
825 1405 965 1472 iudicare
988 1406 1203 1492 generatim
1217 1406 1375 1492 volumus,

229 1518 453 1581 conservatam
477 1517 535 1578 aut
552 1516 638 1578 certe
656 1534 721 1578 non
741 1532 936 1597 magnopere
955 1512 1156 1578 deminutam
1173 1513 1270 1578 nobis
1289 1535 1375 1578 com·

229 1621 383 1705 munique
405 1619 530 1706 patriae
555 1619 714 1705 gratulari
741 1619 828 1684 licet.
872 1618 958 1685 Nam
988 1620 1052 1684 etsi
1079 1620 1282 1686 conamina
1309 1644 1375 1688 non

229 1727 400 1792 defuerunt
417 1726 538 1811 partim
557 1729 672 1811 aperta
691 1729 723 1790 et
741 1725 923 1808 manifesta,
947 1727 1068 1811 partim
1088 1725 1219 1811 obliqua
1238 1731 1271 1792 et
1289 1727 1375 1792 clan-

230 1835 371 1919 destina,
403 1834 520 1918 quibus
553 1854 716 1897 summum
749 1832 871 1898 bonum
901 1832 1043 1898 humano
1076 1832 1188 1917 generi
1219 1832 1375 1900 divinitus

229 1941 444 2025 impertitum,
482 1937 567 2023 quod
600 1937 783 2004 continetur
816 1939 968 2004 scientiae
1001 1937 1139 2023 lumine,
1172 1959 1190 2003 e
1222 1938 1291 2005 solo
1324 1940 1375 2004 cui

228 2050 322 2131 paret
337 2045 483 2111 veritatis
497 2044 634 2129 imperio
649 2050 834 2129 exemptum
853 2044 894 2109 ad
912 2045 1066 2110 fortuitas
1085 2043 1239 2127 rationes,
1257 2043 1376 2109 caduca

229 2152 365 2219 consilia
380 2155 413 2216 et
428 2150 597 2236 ambiguas
613 2150 781 2236 opiniones
796 2150 847 2216 vel
863 2151 1003 2217 civitatis
1019 2152 1071 2218 vel
1084 2150 1236 2217 ecclesiae
1251 2172 1374 2216 accom-

229 2259 429 2325 moderetur:
450 2295 490 2304 —
511 2258 573 2322 etsi
599 2257 720 2322 liberae
748 2261 781 2322 et
808 2257 941 2343 linguae
969 2261 1002 2322 et
1024 2257 1142 2324 mentis
1168 2279 1246 2324 non
1276 2256 1375 2322 nulli

230 2367 370 2432 vindices
395 2364 493 2430 etiam
517 2365 762 2449 succubuerunt,
785 2385 844 2448 pro
863 2363 1025 2430 libertatis
1043 2364 1132 2430 illius
1150 2364 1375 2431 incolumitate

230 2495 264 2538 sc
290 2494 429 2566 suasque
454 2470 603 2537 fortunas
627 2470 831 2557 devoventes,
854 2471 910 2537 alii
933 2477 1043 2538 autem
1065 2472 1100 2537 in
1122 2473 1226 2538 lucem
1251 2479 1283 2538 et
1306 2493 1375 2538 are·

230 2602 306 2645 nam
330 2577 464 2644 omnino
488 2577 666 2662 prodeundi
691 2577 760 2643 vias
784 2578 847 2644 sibi
873 2577 1066 2645 interclusas
1088 2583 1313 2664 reppererunt:
1333 2595 1372 2626 -'-

229 2693 338 2751 tamen
365 2684 503 2751 feliciter
531 2684 719 2770 plerumque
747 2684 813 2750 illis
840 2684 979 2769 repulsis
1000 2686 1231 2752 conaminibus
1255 2683 1303 2772 (et
1326 2707 1374 2750 re-

232 2794 363 2878 pulsum
381 2792 421 2856 iri
441 2791 541 2856 etiam
560 2812 598 2855 sa
617 2790 816 2876 confidimus,
836 2791 953 2876 quibus
972 2791 1024 2858 his
1042 2791 1122 2876 ipsis
1142 2791 1255 2858 diebus
1279 2792 1375 2858 colle-

229 2920 344 2985 garum
371 2900 556 2964 nostrorum
583 2895 820 2962 Kiloniensium
849 2897 1004 2963 honestas
1032 2902 1065 2962 et
1088 2898 1272 2964 constantia
1300 2921 1375 2964 con·

233 3001 387 3091 dictetur)
406 3026 443 3070 eo
467 3004 535 3070 fere
558 3004 591 3068 in
615 3004 695 3088 loco,
719 3004 747 3069 si
770 3004 810 3069 ab
835 3003 1079 3070 Austriacarum
1102 3009 1263 3070 terrarum
1286 3009 1373 3072 tene-

229 3113 297 3179 bris
316 3113 495 3191 recesseris,
516 3111 699 3176 litterarum
714 3110 929 3178 docendarum
944 3111 978 3177 in
996 3112 1160 3178 communi
1178 3112 1285 3196 putria
1299 3134 1375 3178 con·

230 3223 389 3288 dicionem
417 3220 611 3286 collocatam
641 3218 799 3304 videmus,
831 3223 869 3284 ut
900 3219 1012 3285 solacii
1040 3224 1073 3286 et
1098 3219 1244 3286 laetitiae
1276 3242 1375 3304 quam

231 3329 386 3394 maeroris
406 3330 439 3392 et
456 3324 699 3392 lamentationis
718 3325 816 3411 longe
835 3329 868 3390 et
891 3325 1001 3410 plures
1020 3330 1054 3392 et
1070 3327 1221 3394 iustiores
1242 3348 1374 3393 caussas

229 3435 378 3500 inventas
399 3455 470 3500 esse
493 3432 587 3497 nobis
612 3431 831 3497 confitendum
854 3433 907 3517 sit,
929 3431 1049 3517 quippe
1069 3433 1186 3518 quibus
1209 3455 1269 3498 nec
1292 3455 1374 3519 quae

229 3541 411 3626 cogitamus
436 3540 543 3624 eloqui
566 3560 636 3604 esse
661 3538 798 3605 vetitum
817 3539 921 3605 soleat
944 3542 977 3604 et
999 3561 1075 3605 vero
1099 3561 1182 3625 quae
1204 3561 1281 3606 vera
1303 3563 1375 3608 esse

230 3643 476 3732 cognoverimus
505 3645 604 3710 etiam
634 3668 699 3731 qua
728 3645 863 3710 velimus
892 3645 1026 3710 documii
1055 3645 1161 3712 forma
1188 3651 1223 3712 et
1249 3648 1375 3714 ratione

230 3751 427 3818 discentibus
460 3751 587 3817 tradere
620 3751 755 3819 iamiam
786 3753 925 3817 liberum
959 3773 1029 3818 esse
1060 3751 1217 3820 videatur.
1269 3752 1375 3820 Multo

233 3861 331 3926 etiam
356 3858 464 3924 minus
484 3859 557 3924 aliis
576 3858 767 3926 tribuendae
786 3857 921 3924 docendi
940 3858 1102 3925 libertatis
1122 3860 1270 3944 facultas,
1293 3882 1375 3944 quac

230 3967 334 4032 altera
361 3964 484 4049 species
513 3969 563 4030 est
590 3965 685 4031 huius
713 3966 854 4051 generis,
880 3987 982 4050 eaque
1009 3988 1076 4032 non
1106 3967 1268 4032 immerito
1291 3969 1375 4034 tanti

232 4094 360 4157 semper
388 4071 512 4152 habita,
541 4075 579 4134 ut
607 4070 713 4154 ipsum
741 4076 839 4156 caput
867 4072 1068 4138 academicae
1100 4072 1216 4138 salutis
1249 4071 1284 4136 in
1315 4073 1375 4138 illa

230 4178 408 4245 consistere
436 4176 612 4261 videretur,
640 4176 703 4242 dici
730 4181 841 4262 potest
867 4178 917 4244 vel
946 4199 1061 4263 reapse
1084 4178 1282 4245 labefactata
1305 4201 1374 4244 ease

231 4285 280 4352 vel
309 4284 552 4370 augustioribus
582 4306 678 4369 quam
703 4306 841 4370 aequum
864 4285 908 4350 sit
938 4283 1099 4350 limitibus
1123 4285 1375 4370 circumscripte.

230 4391 343 4458 Paullo
366 4391 527 4476 iniquiore
551 4390 738 4458 condicione
760 4413 820 4458 nos
843 4391 893 4457 uti
911 4394 1041 4458 constat
1057 4391 1092 4456 in
1110 4414 1149 4458 ea
1167 4395 1269 4477 parte,
1292 4413 1374 4477 quae

229 4519 296 4564 non
320 4497 428 4563 minus
447 4498 533 4584 aptis
551 4498 687 4564 vinculis
706 4520 780 4564 curn
802 4498 1161 4565 administrationis
1185 4521 1283 4584 quam
1301 4523 1374 4566 cum
