3302 5076
287 411 353 476 670
669 427 903 476 aaranuscns
926 427 1054 475 anons.

288 574 387 656 atque
416 570 584 655 polliceor,
613 570 643 634 ei
673 570 770 636 facite
800 575 837 636 ut
864 592 1059 656 propensam
1086 570 1122 634 in
1151 591 1203 634 me
1230 571 1433 634 voluntatem

287 681 460 744 vestram
483 675 662 742 liberaliter
683 677 886 762 retribuatis,
908 699 948 742 ea
969 677 1002 741 in
1027 678 1108 742 meis
1133 676 1184 741 vel
1211 676 1358 743 consiliis
1381 675 1434 740 vel

289 783 566 850 admonitionibus
585 784 702 850 fiducia
721 784 889 868 collocata,
913 805 996 870 quae
1014 785 1130 850 merito
1149 783 1304 867 subsequi
1326 787 1361 847 et
1381 805 1434 847 co-

288 891 399 958 mitari
419 892 602 978 simplicem
622 893 845 978 sinceramque
865 891 1034 957 caritatem
1055 890 1148 956 solet.
1179 889 1220 954 In
1238 911 1303 974 qua
1321 893 1434 954 mama

288 997 469 1064 officiorum
504 997 731 1066 coniunctione
763 996 843 1062 illud
870 1019 929 1062 vos
956 1019 1036 1084 rogo
1070 997 1181 1062 sedulo
1211 995 1435 1078 recordemini,
1537 1067 1545 1082 ·

289 1109 396 1172 certos
424 1107 505 1171 lines
532 1105 709 1190 modosque
736 1104 886 1190 quamvis
914 1106 1089 1188 promptae.
1109 1103 1282 1169 excusandi
1305 1103 1434 1168 lenitati

289 1211 541 1299 ignoscendique
568 1210 789 1297 indulgentiae
817 1209 1007 1295 designatos
1031 1231 1102 1276 esse
1125 1211 1228 1294 ipsius
1251 1210 1432 1276 honestatis

288 1321 491 1387 necessitate.
537 1317 641 1396 Quam
675 1317 833 1384 servando
865 1319 1022 1382 curabitis
1049 1353 1086 1364 —-
1118 1316 1245 1382 confido
1278 1319 1366 1383 enim
1389 1353 1433 1364 -

289 1431 326 1492 ut
349 1447 389 1491 ne
413 1447 471 1492 vos
495 1429 683 1511 vestrasque
706 1447 757 1490 res
781 1425 903 1509 tuendi,
926 1424 1138 1508 sustentandi,
1161 1423 1352 1489 defendendi
1375 1447 1432 1508 po·

289 1537 443 1598 testatem
468 1533 570 1598 invito
594 1532 674 1596 mibi
697 1535 730 1596 et
753 1530 873 1596 dolenti
897 1531 960 1615 ipsi
983 1531 1139 1615 eripiatis.
1184 1531 1268 1596 Dixi.

850 1889 879 1954 7.

288 2031 421 2098 Oratio
449 2031 493 2096 de
524 2030 759 2096 emendanda
786 2031 938 2098 ratione
967 2030 1252 2096 academiarum
1281 2035 1322 2095 et
1348 2029 1435 2095 uni-

333 2137 582 2206 vcrsitatium
606 2136 742 2204 habita
765 2138 825 2202 dic
849 2137 911 2203 XV
934 2159 976 2202 m.
1000 2137 1181 2203 Octobris
1206 2159 1234 2203 a
1260 2137 1390 2222 1847.*)

251 2311 289 2352 ιιι
379 2279 597 2348 Convenimus
624 2278 735 2364 hodie,
767 2277 933 2345 auditores
960 2301 1019 2345 suo
1046 2279 1181 2364 quisquc
1209 2279 1281 2345 loco
1311 2284 1434 2364 specta-

290 2387 426 2473 tissimi,
453 2387 663 2454 convenimus
687 2387 756 2452 eius
778 2386 842 2452 diei
866 2385 1113 2451 concelebrandi
1137 2407 1266 2469 caussa,
1290 2386 1344 2471 qui
1368 2409 1433 2472 quo

290 2495 419 2580 saepius
442 2493 502 2560 Dei
527 2492 652 2579 Optimi
676 2492 812 2559 Maximi
836 2492 1115 2583 beneficiolredit,
1142 2514 1180 2557 eo
1209 2492 1362 2558 laetiores
1385 2497 1436 2558 at·

290 2623 351 2686 que
375 2601 536 2685 gratiores
565 2601 600 2665 in
629 2601 772 2667 omnium
796 2601 913 2666 animis
937 2622 1049 2666 sensus
1074 2600 1193 2665 excitat
1216 2621 1318 2686 eoque
1343 2621 1434 2664 sanc·

289 2707 389 2774 tiores
418 2709 551 2793 pietatis
580 2706 713 2773 affectus
736 2711 918 2794 perpetuat.
960 2707 1086 2793 Quippe
1109 2725 1184 2772 nvn
1207 2707 1308 2772 divini
1329 2705 1435 2772 numi-

289 2816 341 2880 nis
369 2815 573 2901 providentia
600 2837 666 2881 uon
694 2819 922 2881 conservatum
950 2817 1092 2899 tantum,
1124 2813 1179 2879 sed
1208 2814 1371 2900 vigentem
1400 2818 1436 2878 et

290 2923 452 2989 communi
482 2923 581 2989 saluti
609 2923 773 3008 sapienter
796 2923 1048 3008 prospicientem
1072 2927 1170 3007 atque
1193 2921 1376 2986 illustriora
1399 2920 1433 2984 in

290 3030 357 3096 dies
390 3031 534 3096 facinora
566 3031 708 3117 gloriose
746 3034 988 3115 perpetrantem
1023 3029 1120 3095 nobis
1157 3028 1434 3114 congratulamur,

289 3159 384 3224 quem
413 3155 556 3204 pensan
589 3141 622 3204 ct
653 3137 780 3221 patriae
808 3141 842 3202 et
868 3137 964 3203 buius
992 3137 1214 3202 universitatis
1241 3156 1434 3203 veneramur

377 3385 403 3454 ¹¹)
422 3385 520 3458 [Edita
542 3386 587 3441 est
609 3383 679 3440 baec
702 3384 792 3442 oratio
815 3385 878 3441 loco
902 3384 1038 3455 prooemii
1060 3381 1160 3440 indicis
1179 3382 1338 3440 scholarum
1356 3381 1430 3436 Bon·

289 3475 417 3531 nensium
441 3474 611 3530 aestivarum
637 3490 662 3530 a.
681 3487 958 3534 cmmocoxxxxvm
976 3472 1136 3544 praemissis
1154 3471 1199 3527 his
1216 3470 1321 3527 verbis:
1351 3469 1435 3524 ‘Pro-

290 3563 382 3619 oemia
405 3563 587 3620 semestribas
610 3562 771 3619 scholarum
789 3561 927 3618 indicibus
947 3561 1089 3632 praemitti
1108 3561 1193 3616 solita
1210 3577 1274 3616 cam
1294 3561 1348 3615 boc
1366 3575 1433 3614 con·

290 3651 354 3708 silio
378 3651 550 3722 scribentur,
578 3653 609 3707 ut
631 3651 775 3708 nominum
798 3665 1031 3720 numerorumque
1054 3649 1185 3706 ieiunitas
1211 3649 1307 3719 aliquo
1326 3648 1434 3702 deleni-

291 3743 385 3798 mento
409 3739 619 3798 commendetur
643 3757 659 3796 e
682 3739 823 3797 floridiore
846 3755 948 3810 genere
971 3739 1075 3811 petito,
1094 3739 1169 3794 haud
1188 3737 1324 3794 absonum
1341 3735 1434 3792 visum

290 3830 335 3886 est
352 3827 452 3885 relicta
471 3828 621 3884 nlorosiore
640 3828 847 3885 commentandi
866 3826 1066 3883 consuetudine
1084 3827 1115 3882 iu
1132 3827 1194 3882 loco
1213 3827 1297 3896 longe
1315 3825 1437 3882 floridis-

291 3917 361 3973 simo
394 3917 510 3988 versari,
539 3917 588 3988 qni
616 3915 663 3988 pia
689 3916 882 3973 recordatione
910 3929 1124 3970 avovsmssmr
1150 3929 1239 3972 ancre
1267 3915 1435 3984 continetur,

293 4022 411 4076 samque
430 4006 574 4062 vobiscum
595 4005 751 4063 orationem
771 4005 875 4076 scripto
895 4004 1115 4074 communicare,
1133 4023 1218 4076 quam
1236 4005 1315 4066 Illius
1333 4003 1435 4060 natali·

291 4095 343 4151 ciis
374 4095 547 4152 celebrandis
573 4099 715 4166 superiore
741 4111 814 4152 auno
841 4093 877 4149 ab
895 4093 1015 4151 Rectore
1033 4094 1232 4154 Vniversitatis
1255 4095 1381 4150 habitam
1406 4097 1438 4150 et

291 4183 407 4241 auribus
424 4183 568 4240 benevolis
587 4185 618 4240 ct
634 4183 744 4240 iudiciis
758 4181 916 4254 excepistis.
940 4183 1017 4251 Quae
1031 4201 1094 4240 cum
1110 4185 1139 4240 et
1153 4183 1189 4240 ad
1202 4183 1313 4239 litteras
1326 4185 1436 4254 spectet

290 4288 444 4344 eorumque
467 4273 589 4330 rationes
614 4271 801 4342 academicus,
830 4274 858 4327 et
881 4289 947 4329 vero
970 4272 1067 4342 aliqua
1085 4289 1120 4328 cx
1138 4275 1218 4344 parte
1237 4271 1273 4327 sd
1291 4270 1434 4344 publicam

291 4361 428 4432 salutem,
455 4363 549 4418 vestm
572 4377 682 4432 quoque
706 4359 813 4430 studia,
842 4360 943 4431 quibus
965 4361 1060 4433 largas
1083 4363 1231 4432 lautusque
1255 4361 1343 4432 dapes
1361 4359 1436 4415 inira

290 4450 433 4518 appositas
457 4447 572 4521 vidctis,
594 4448 709 4518 aliquod
732 4449 810 4504 illinc
833 4453 863 4505 et
884 4451 1038 4506 industriae
1057 4451 1271 4507 incitamentum
1291 4452 1322 4505 et
1340 4450 1433 4504 firma-

290 4539 417 4594 mentum
438 4539 592 4594 voluntctis
610 4555 710 4609 capere
729 4541 870 4610 poterunt.
908 4541 1031 4598 valeta’
1069 4539 1098 4595 O.
1119 4539 1176 4612 W.]
