3332 5074
298 359 363 423 408
582 373 846 423 raonnconaun
871 376 918 422 na·
942 373 1155 424 asrroursvs

299 517 538 603 coniugationis
566 517 688 584 formas
716 539 821 585 monac
848 540 973 584 moneas
999 523 1185 603 ceterasque
1212 537 1368 602 personas
1392 538 1442 582 ea·

299 625 374 690 dere
398 626 449 690 vel
474 624 514 690 ad
537 625 610 709 ipsa
633 625 816 709 composita
839 648 859 690 a
881 625 1021 710 simplici
1044 624 1212 692 ire-verba
1235 623 1440 708 pertinuisse:

298 733 444 797 inaudita
467 732 552 797 enim
576 736 653 797 sunt
676 732 837 817 bisyllaba
859 733 931 800 abeo
953 734 1062 799 9919991
1084 735 1171 798 ineos
1192 732 1298 798 sacar
1314 734 1445 814 peremat

299 841 438 906 redeunt:
467 839 736 925 quemadmodum
760 862 801 906 119
824 862 1002 927 pronomen
1027 839 1157 925 quidem
1180 840 1230 904 vel
1254 837 1444 903 adverbium

299 967 333 1012 eo
351 947 610 1030 monosyllabam
630 947 928 1033 pronuntiationem
947 968 1103 1032 umquam
1121 946 1156 1012 in
1174 945 1356 1031 composita
1369 945 1443 1009 adeo

300 1051 460 1136 particula
483 1052 632 1118 servavit.
660 1051 734 1118 Nisi
758 1053 845 1137 quod
868 1056 1002 1136 excepta
1025 1073 1095 1118 esse
1119 1074 1158 1117 ea
1179 1051 1339 1134 videntur,
1362 1071 1443 1134 quas

301 1159 434 1244 longam
458 1160 677 1244 syllabam'et
700 1164 774 1225 ante
798 1163 831 1224 et
848 1163 923 1244 post
940 1181 956 1225 a
973 1158 1106 1242 habent,
1129 1163 1165 1224 ut
1184 1159 1324 1224 fortasse
1343 1162 1443 1222 trans-

301 1270 420 1330 currum
443 1264 510 1332 Mil.
533 1263 743 1352 111,1‚82*),
776 1267 814 1331 de
848 1289 911 1351 quo
934 1287 1029 1331 versu
1052 1287 1138 1330 nuno
1161 1263 1375 1331 cohibendum
1398 1263 1444 1327 iu·

302 1370 430 1456 dicium,
454 1376 487 1438 ct
505 1373 649 1438 eiusdem
668 1372 693 1455 I,
706 1375 733 1455 l,
743 1373 786 1438 69
805 1373 1003 1456 bisyllabum
1026 1373 1179 1438 ambiani:
1202 1373 1236 1435 in
1260 1393 1322 1455 quo
1345 1369 1443 1436 verbo

303 1477 365 1541 etsi
388 1478 586 1543 consuetudo
605 1480 619 1542 i
636 1479 781 1544 vocalem
798 1501 858 1563 pro
877 1501 892 1544 c
910 1479 1070 1563 probavit,
1093 1482 1202 1542 tamen
1225 1479 1310 1542 ratio
1334 1476 1444 1542 eadem

303 1587 362 1648 est.
408 1583 469 1649 Sed
492 1585 623 1663 antideo,
645 1585 798 1650 inmeiat
820 1589 852 1650 et
875 1586 996 1651 similia
1019 1585 1193 1670 trisyllaba
1215 1606 1280 1649 non
1303 1583 1400 1649 fuere.

392 1689 541 1775 Denique
567 1713 589 1756 a
612 1693 755 1757 vocalem
783 1714 877 1757 nemo
901 1691 1033 1776 ignorat
1056 1691 1143 1756 coire
1167 1713 1240 1756 cum
1263 1689 1445 1776 insequenti

303 1818 368 1861 non
399 1800 528 1862 tantum
559 1797 595 1861 in
626 1799 800 1877 divellam,
833 1797 889 1864 sed
919 1797 1018 1862 ctiam
1047 1797 1081 1863 in
1112 1803 1211 1880 019199,
1243 1819 1344 1876 suus,
1376 1798 1444 1863 duo

303 1906 395 1970 duas
409 1901 593 1990 (Trin'llb.
606 1903 714 1992 1052),
735 1903 984 1992 qrsotluor**):
1008 1905 1107 1970 etiam
1131 1906 1163 1970 in
1183 1927 1286 1988 puer,
1303 1905 1446 1988 puella,

304 2033 479 2097 numquam
502 2015 612 2076 tamen
634 2011 670 2076 in
686 2014 780 2096 priori
797 2033 895 2096 puero
918 2016 951 2077 et
973 2013 1087 2078 ceteris
1112 2013 1254 2078 casibus:
1277 2017 1445 2098 praeterea

304 2118 338 2183 in
358 2118 418 2199 fui
441 2116 529 2203 (106.
555 2117 655 2204 1090)
678 2141 751 2184 911111
775 2119 908 2204 reliquis
929 2119 1045 2185 formis
1069 2141 1150 2204 quae
1173 2141 1192 2184 r
1213 2119 1358 2184 litteram
1380 2141 1446 2184 11911

304 2223 427 2289 habent
455 2226 617 2310 omnibns,
649 2226 713 2290 nisi
741 2226 797 2291 ubi
825 2249 896 2292 eam
924 2226 1069 2292 litteram
1097 2226 1255 2310 producta
1282 2247 1298 2292 c
1324 2226 1446 2292 vocalis

305 2331 468 2416 praecedit
489 2337 527 2396 ut
547 2333 582 2397 in
602 2333 744 2414 foeminis
767 2355 843 2398 nam
865 2355 924 2400 nec
944 2334 1042 2415 099900
1064 2355 1123 2398 1199
1143 2333 1251 2414 alteras
1273 2356 1332 2399 nec
1353 2333 1441 2414 fuero

305 2438 339 2502 in
364 2439 455 2503 binas
479 2439 622 2524 syllabas
646 2460 797 2525 umquam
822 2441 1019 2507 coaluerunt.
1051 2441 1160 2527 Atque
1182 2441 1234 2505 his
1257 2441 1376 2506 linibus
1399 2441 1447 2506 ite

210 2565 292 2608 onxv
307 2567 346 2610 ea
372 2544 530 2629 synizesis
559 2551 737 2631 coercetur,
771 2551 806 2612 ut
833 2551 868 2612 et
897 2569 916 2611 a
944 2548 1007 2613 lues
1023 2552 1160 2630 patruus
1183 2553 1216 2612 et
1238 2547 1279 2613 ab
1302 2569 1378 2614 aceo
1400 2550 1446 2613 ia·

305 2654 399 2718 struit
424 2651 545 2717 imbuas
571 2653 739 2718 mineburn
767 2657 800 2718 90
828 2675 847 2718 a
874 2653 966 2718 timui
985 2655 1091 2736 potuit
1110 2653 1293 2736 palluerunt
1314 2657 1347 2718 et
1370 2675 1446 2720 vero

306 2759 404 2823 etiam
428 2761 549 2824 11099νί
572 2760 615 2824 9ἰο
638 2759 847 2830 alienissime:
871 2760 1021 2845 quocirca
1043 2760 1163 2826 labris
1185 2785 1214 2825 v.
1239 2761 1302 2828 708
1325 2783 1345 2827 a
1369 2766 1446 2840 tuor,

306 2887 373 2930 non
396 2855 493 2931 trieris
516 2888 535 2930 a
559 2871 643 2930 tueor
666 2866 871 2932 scribendum
895 2871 972 2932 crat.

395 2971 539 3037 Tertium
559 2993 662 3057 genus
680 2972 781 3038 habes
801 2973 952 3039 licentiae
966 2973 1174 3059 prosodiacae
1192 2973 1228 3038 in
1247 2973 1448 3058 bisyllaba

305 3077 513 3162 potissimum
533 3079 722 3144 vocabula
741 3080 1011 3162 accommodatae,
1027 3102 1164 3165 quorum
1178 3079 1294 3145 finibus
1309 3082 1447 3149 maxime

306 3185 463 3250 contineri
491 3207 564 3250 curn
591 3186 773 3270 neglectam
801 3186 996 3269 positionem
1024 3189 1095 3250 tum
1123 3184 1231 3252 brevis
1255 3186 1376 3252 vocalis
1400 3209 1448 3252 ee·

307 3291 454 3375 thlipsim
484 3291 623 3356 vidimus
651 3312 719 3375 cap.
743 3291 773 3355 X
796 3296 830 3357 et
852 3291 908 3356 Xl.
953 3291 1039 3357 Nam
1068 3292 1096 3356 si
1124 3314 1144 3356 a
1166 3292 1357 3374 compositis
1380 3293 1448 3358 illis

306 3398 414 3464 danda
443 3419 581 3464 scorsum
614 3401 647 3462 et
680 3397 842 3463 similibus
875 3398 1059 3483 recesseris,
1092 3397 1290 3482 simplicium
1319 3399 1448 3483 quidem

308 3504 555 3588 vocabulorum,
583 3505 616 3568 in
645 3505 763 3588 quibus
786 3505 951 3588 propriam
975 3504 1038 3568 sibi
1062 3503 1169 3568 sedem
1193 3505 1347 3588 synizesis
1370 3506 1449 3590 fixit,

308 3611 446 3694 simplex
479 3615 511 3675 et
543 3610 733 3696 principalis
765 3610 885 3696 forma,
916 3611 948 3678 h.
972 3633 998 3678 e.
1030 3611 1198 3676 nominum
1230 3611 1449 3678 nominativus

306 3705 544 3801 verborumque
568 3719 672 3802 prima
694 3739 842 3802 persona,
866 3718 1016 3783 binarum
1040 3717 1241 3801 syllabarum
1265 3739 1449 3782 mensuram

307 3847 372 3890 non
396 3824 479 3889 solet
497 3823 660 3888 excedere:
684 3823 890 3909 trisyllabum
908 3829 1054 3906 91190999
1072 3824 1135 3888 sibi
1154 3824 1319 3889 sociarunt
1335 3824 1450 3890 affinia

307 3934 367 3998 deo
390 3935 424 3997 et
447 3931 543 3996 bium
565 3930 754 3996 numeralia
800 3930 935 4014 Aptiore
960 3929 1061 3995 etiarn
1083 3930 1213 3994 vinculo
1237 3929 1322 3994 inter
1345 3951 1379 3994 se
1403 3931 1449 3994 al·

307 4043 413 4105 terum
442 4042 475 4103 et
501 4037 636 4103 tertium
664 4058 766 4122 genus
794 4037 1012 4120 continentur,
1044 4040 1082 4101 ut
1105 4057 1187 4121 quae
1210 4035 1245 4101 in
1267 4035 1448 4119 bisyllsbas

307 4145 430 4211 formas
453 4144 612 4210 iambicae
635 4143 685 4209 vel
708 4143 955 4228 pyrrhichiacae
978 4165 1146 4208 mensurae
1170 4143 1295 4207 cadant
1341 4142 1448 4226 Atque

307 4307 518 4314 ..-—-—-..-.——-.

413 4390 440 4460 ')
460 4389 623 4463 [00991190
642 4389 771 4445 9,(11111119
790 4391 917 4460 versum]

398 4477 439 4550 ”l
459 4479 514 4551 [Cf.
536 4479 635 4550 Opnsc.
655 4478 724 4552 phil.
743 4479 783 4533 ΙΙΙ
802 4496 828 4549 p.
848 4483 951 4548 638sq.
971 4479 1046 4552 650]
