3332 5074
298 378 363 444 386
587 393 848 444 Paonnaonans
871 395 918 442 na
942 393 1152 443 asrronmvs

298 533 424 624 902*):
455 537 576 602 vitiosa
598 536 736 622 danique
759 538 859 602 etiam
882 536 1196 622 monosyllaborum,
1225 558 1362 621 qnorum
1386 557 1442 602 na

297 649 373 710 tura
399 644 506 710 brevis
531 643 667 728 vocalis,
701 641 788 709 ante
805 648 1040 710 consonantem
1064 644 1238 728 correptio,
1269 643 1334 707 nisi
1358 641 1444 727 qnod

298 751 338 815 de
360 752 473 835 paucis
497 752 665 838 exemplis,
689 756 817 836 praeter
836 757 943 818 cetera
962 755 1072 817 autem
1095 750 1134 816 de
1156 749 1217 815 laic
1238 753 1272 814 et
1294 749 1356 815 lade
1379 748 1443 815 for·

298 879 425 922 marum
459 861 533 923 ante
564 879 606 941 qu
639 880 755 923 sonum
788 858 842 944 (ad
870 858 1116 942 similitudinem
1143 857 1243 922 derum
1271 853 1375 944 vocis)
1409 857 1444 922 in

298 964 459 1048 principio
487 986 638 1030 versuum
662 965 863 1049 correptione
886 986 955 1030 non
977 963 1106 1030 videtur
1129 962 1343 1029 dubitandum
1366 984 1445 1048 esse,

299 1075 336 1136 nt
365 1063 417 1136 ate
445 1092 561 1154 qnoque
589 1071 661 1136 hinc
690 1072 724 1136 in
755 1071 820 1136 arsi
848 1094 877 1136 v.
902 1072 966 1137 718
997 1069 1068 1156 (nbi
1098 1069 1250 1155 perfacile
1281 1075 1351 1136 erat
1373 1071 1446 1136 leina

300 1176 429 1263 delere),
449 1179 505 1261 po'l
526 1178 577 1243 ate
599 1179 722 1261 primm
745 1182 836 1243 extra
859 1179 959 1244 arsim
981 1201 1011 1244 v.
1035 1177 1113 1244 851:
1146 1199 1223 1243 nam
1245 1177 1284 1242 de
1306 1176 1357 1242 laic
1377 1178 1444 1259 qni

298 1284 367 1349 dem
390 1306 418 1349 v.
433 1284 507 1350 557.
531 1284 605 1350 875.
631 1285 828 1350 1030.1055
851 1284 937 1350 haud
961 1285 1029 1350 scio
1052 1306 1095 1348 an
1117 1283 1214 1348 aliter
1236 1283 1443 1349 statuendum

300 1389 353 1454 sit.
386 1391 494 1475 Atque
517 1390 579 1456 hoc
602 1412 658 1456 cur
681 1391 716 1454 in
739 1389 791 1456 his
814 1391 1022 1475 potissimum
1042 1391 1165 1458 voculis
1188 1392 1256 1476 fiat,
1279 1412 1373 1476 spero
1393 1413 1444 1456 me

300 1495 379 1561 olim
409 1493 457 1560 ita
485 1495 742 1579 patefacturum,
774 1501 811 1562 ut
843 1519 860 1560 e
892 1497 1050 1582 singulari
1083 1497 1222 1582 quadam
1255 1497 1443 1563 condicione

166 1633 288 1675 cnm
302 1602 497 1686 propriaque
520 1603 647 1668 ratione
669 1603 719 1669 liic
740 1603 942 1689 pronominis
961 1603 1171 1688 repetendum
1191 1625 1261 1670 essa
1279 1605 1446 1691 intellega-

300 1713 362 1774 tur.
396 1706 458 1774 Sed
478 1709 564 1773 etin
583 1709 689 1776 medio
708 1731 804 1776 versu
827 1731 905 1776 cave
927 1713 1004 1794 qaid
1023 1711 1077 1776 ata
1098 1711 1181 1794 quod
1202 1712 1233 1775 re‘
1249 1733 1331 1795 repo,
1354 1733 1444 1796 prae·

301 1814 413 1879 sertim
437 1813 471 1878 in
489 1814 548 1879 illa
566 1815 795 1883 distributione
814 1838 1035 1902 personarum,
1058 1817 1232 1901 probatum
1252 1840 1322 1884 esse
1340 1841 1369 1884 r.
1379 1819 1445 1884 930

300 1920 362 1986 tibi
389 1921 595 2007 persuadeas,
628 1927 661 1988 et
689 1925 722 1988 in
750 1924 823 2008 ipso
846 1925 1006 2010 principio
1029 1923 1092 1990 Sed
1112 1925 1165 1989 hdo
1186 1945 1234 1990 me
1254 1926 1353 1991 einum
1376 1925 1446 2010 pla·
1504 1939 1516 1948 ·

301 2029 418 2114 cnisse,
451 2029 537 2115 quod
565 2053 594 2094 v.
617 2031 683 2097 394
710 2031 852 2097 deterior
879 2032 914 2097 in
941 2031 1003 2097 hoc
1025 2030 1185 2098 Palatinis
1209 2033 1444 2100 Ambrosianus

301 2135 493 2222 exhibet**)
540 2137 642 2203 Porro
666 2142 774 2204 autem
798 2139 894 2204 nihili
917 2161 987 2205 esse
1011 2161 1123 2206 versus
1147 2140 1213 2207 595
1236 2140 1331 2205 initio
1356 2138 1444 2204 miri-

301 2245 399 2308 ficum
432 2243 558 2308 scilicet
589 2246 913 2328 proceleusmaticum
949 2245 1011 2312 Sed
1040 2249 1077 2312 td
1106 2249 1136 2314 ai
1166 2247 1339 2328 namra,
1374 2247 1447 2330 ipsa

301 2350 515 2435 grammatica
539 2351 656 2437 arguit,
680 2374 763 2437 quae
787 2353 903 2419 saltem
921 2355 958 2432 is,
981 2375 1048 2418 non
1066 2355 1101 2419 id
1116 2353 1306 2440 flagitatura
1324 2351 1446 2439 sit.***)

302 2456 332 2520 Α
356 2457 516 2523 sententia
539 2459 758 2524 reiectaneum
781 2483 811 2526 v.
826 2459 868 2525 85
888 2460 977 2541 Quod
993 2463 1029 2524 tn
1047 2461 1179 2526 culmine
1196 2459 1276 2526 lacit
1293 2462 1330 2525 ut
1348 2458 1447 2523 etiam

302 2564 512 2630 confidentius
543 2563 632 2645 Qeo‘d
656 2569 693 2630 ire
719 2587 817 2632 manre
848 2589 877 2630 v.
900 2567 966 2632 914
993 2567 1219 2653 reiciamue.†)
1269 2566 1346 2633 Non
1373 2564 1445 2649 plus

301 2670 375 2736 fidei
400 2675 584 2756 correptum
609 2675 685 2737 ante
709 2676 941 2739 consonantem
964 2677 993 2738 et
1014 2673 1127 2738 habet:
1150 2673 1214 2739 nisi
1238 2671 1323 2758 quod
1342 2671 1376 2736 in
1395 2691 1446 2736 oc·

302 2777 438 2844 tonariis
467 2801 546 2844 sane
575 2778 703 2845 licuerit
730 2779 868 2845 fortasse
897 2779 1037 2846 tolerare
1060 2780 1090 2845 et
1106 2780 1208 2864 peritae
1229 2802 1259 2845 v.
1283 2779 1362 2863 821,
1390 2777 1445 2843 ubi

301 2888 411 2951 tamen
433 2885 529 2950 nobis
553 2886 618 2952 alia
640 2887 725 2952 ratio
749 2886 890 2972 probata
917 2891 977 2952 est.
1021 2886 1168 2972 Denique
1195 2885 1273 2951 ferri
1300 2907 1367 2951 non
1388 2905 1446 2970 po·

300 2993 368 3056 tuit
390 3013 418 3056 v.
441 2993 507 3058 482
529 2995 640 3060 adrem
665 2993 747 3076 quo'd
772 2993 814 3058 rid
838 2999 975 3059 uentrem
1001 2994 1112 3060 attinet
1135 2995 1196 3075 [sic
1218 2989 1342 3073 Trin.²].
1380 2991 1445 3056 Vbi

302 3119 375 3163 cum
403 3098 510 3165 deleta
533 3099 774 3185 praepositione
801 3122 867 3166 non
891 3100 1031 3165 satisfiat
1054 3099 1210 3184 loquendi
1232 3099 1306 3164 usui
1328 3098 1446 3182 Plauti,

302 3206 356 3290 qui
380 3205 442 3270 soli
466 3208 649 3272 accusativo
671 3207 816 3272 iunctum
839 3209 969 3272 attium
989 3208 1125 3272 verbum
1144 3207 1284 3292 ignorat,
1307 3228 1327 3270 a
1349 3228 1446 3271 manu

301 3317 417 3396 poetae
439 3313 544 3378 visum
567 3319 619 3379 est
646 3316 728 3398 qaod
747 3320 884 3380 uentrem
911 3315 1041 3398 arripit
1067 3314 1240 3400 prodiisse,
1272 3311 1324 3377 cui
1347 3312 1447 3397 expli·

303 3418 404 3484 cando
438 3419 554 3484 ascribi
586 3421 695 3504 potuit
727 3420 812 3505 quod
844 3421 1005 3506 vulgatur.
1049 3419 1218 3486 Postremo
1252 3420 1338 3485 bono
1373 3441 1444 3484 ease

302 3524 470 3590 stomacho
495 3531 632 3612 oportet,
655 3527 710 3611 qui
734 3527 802 3592 sine
826 3528 977 3593 molestia
999 3529 1203 3614 concoquant
1225 3527 1311 3611 qnod
1335 3549 1364 3592 v.
1380 3527 1444 3592 792

301 3632 403 3697 libros
431 3631 604 3698 dedecorat
630 3634 723 3698 illeim
745 3655 833 3717 qoem
855 3635 975 3714 admit,
1007 3637 1094 3699 recte
1122 3633 1189 3699 iam
1213 3655 1232 3698 a
1255 3631 1442 3699 camerario

408 3877 434 3949 *)
454 3879 554 3952 [Ἧεᾱίι
571 3881 630 3950 ipae
646 3897 719 3936 nnnc
737 3879 802 3935 ideo
820 3879 997 3951 potissimum
1015 3883 1110 3950 teneo,
1135 3880 1211 3950 qnod
1228 3880 1318 3936 multo
1336 3879 1447 3937 concin-

302 3969 397 4025 niuse
420 3971 550 4025 monibus
573 3971 604 4024 ia
626 3985 727 4025 manus
749 3968 809 4024 sine
832 3971 900 4024 mihi
922 3987 1007 4040 qnam
1030 3970 1127 4026 addito
1149 3969 1313 4040 pronomine
1338 3969 1449 4026 dicitur.

302 4061 327 4114 A
345 4059 478 4130 prosodia
500 4076 567 4114 rane
587 4059 658 4114 cledi'
677 4074 734 4113 non
751 4058 844 4113 minna
864 4060 940 4114 reete
959 4059 1090 4115 defendas
1109 4075 1193 4128 qnam
1209 4059 1327 4130 pipe(l).’
1347 4058 1448 4129 lrin.²]

391 4145 433 4217 *')
453 4149 497 4219 [ln
516 4150 646 4220 correpta
668 4153 733 4204 anto
753 4151 937 4204 consonantes
955 4150 1000 4204 aie
1018 4150 1047 4204 et
1064 4149 1113 4204 too
1130 4148 1254 4217 iniquius
1273 4164 1302 4203 se
1321 4147 1446 4203 animad-

302 4239 420 4296 vertisse
438 4237 529 4294 fassus
548 4241 592 4294 est
608 4237 779 4293 Ritschelins
799 4237 899 4307 Opnsc.
918 4237 989 4307 phil.
1007 4237 1046 4292 lV
1064 4256 1091 4308 p.
1110 4238 1184 4308 407.]

374 4327 433 4398 m)
458 4328 503 4399 [Si
520 4329 545 4382 ia
563 4329 703 4383 alienam
722 4327 811 4381 'Prin'
829 4341 893 4382 cum
910 4325 1054 4398 Bergkio]

407 4419 437 4486 †)
456 4417 501 4487 [In
520 4416 562 4473 ed.
582 4416 631 4470 alt.
650 4417 683 4470 ia
700 4432 786 4471 mana
803 4413 920 4470 retinuit
937 4414 1107 4470 Ritachelius
1127 4414 1168 4468 ‘in
1186 4415 1240 4470 hoc
1259 4431 1361 4486 genere
1380 4415 1447 4472 olim

303 4521 386 4576 qnam
405 4505 489 4561 hodie
508 4503 665 4576 severiorl]
