3306 5070
455 410 749 458 curnunrmonnn
772 411 845 456 UND
869 396 1079 456 KHNLICHES.
1276 392 1340 456 719

200 555 299 620 minis
324 554 528 640 splendorem
554 552 714 618 scribendi
739 513 1039 636 commentandique
1063 573 1195 634 operam
1220 555 1252 614 et
1275 556 1340 615 st-

199 661 288 725 dium
313 682 405 726 suum
429 682 523 726 omne
546 659 696 724 contulit.
741 658 865 724 Valete.

691 857 849 864 .—

318 978 354 1065 k)
378 978 433 1044 lm
455 978 724 1043 Prooemiuum
748 977 812 1042 des
836 975 1098 1042 Sommersem.
1125 977 1218 1044 1846.

287 1120 422 1185 Interim
453 1121 557 1184 valete
586 1125 619 1185 et
645 1142 705 1185 nos
729 1123 851 1202 amate,
879 1119 1061 1203 oblatisque
1085 1120 1266 1185 studiorum
1289 1139 1341 1181 ve·

199 1231 339 1293 strorum
372 1227 575 1292 adminiculis
606 1229 638 1290 et
668 1225 893 1291 instrumentis
924 1225 971 1289 ita
1003 1225 1130 1290 utimini
1161 1229 1210 1309 ut,
1244 1246 1341 1308 quam

199 1336 334 1419 quisque
363 1335 414 1398 vel
441 1335 528 1398 norit
550 1332 601 1396 vel
625 1331 768 1398 nondum
799 1331 879 1396 satis
907 1332 997 1397 norit
1019 1335 1138 1415 artem,
1165 1332 1198 1395 in
1224 1332 1285 1395 hac
1309 1352 1342 1394 se

199 1444 328 1505 strenue
351 1444 507 1506 exerceat.

691 1548 850 1556 ———-

322 1706 348 1793 l)
371 1707 428 1771 Im
451 1704 691 1770 Prooemium
715 1705 780 1768 des
804 1702 1047 1769 Wintersem.
1074 1705 1220 1788 1848f49

393 1846 446 1934 (de
469 1847 592 1912 lacunis
616 1844 822 1932 Trinummi);
846 1845 1157 1930 Aufengsworte.

287 1988 486 2054 Litterarum
515 1988 623 2052 studia
651 1988 819 2073 quoniam,
853 1991 890 2051 ut
918 1987 965 2050 eit
986 1988 1054 2070 ille,
1086 1987 1341 2052 adulescentiam

200 2097 304 2179 alunt,
336 2099 534 2160 senectutem
563 2094 743 2178 oblectant,
775 2092 930 2158 secundas
959 2115 1010 2158 res
1038 2097 1168 2176 ornant,
1199 2092 1342 2158 adversis

200 2201 382 2286 perfugium
406 2223 444 2265 ac
467 2201 621 2266 solatium
644 2200 817 2284 praebent,
840 2199 1002 2265 delectant
1026 2200 1129 2284 domi,
1152 2222 1218 2265 non
1241 2199 1343 2284 impe-

200 2307 294 2373 diunt
315 2307 406 2390 foris,
429 2311 622 2390 pernoctent
645 2307 824 2390 nobiscum,
848 2307 1105 2391 peregrinantur,
1127 2307 1343 2372 rusticantur:

199 2435 266 2479 non
289 2418 339 2478 est
362 2436 418 2478 cur
440 2415 542 2477 veteri
567 2417 663 2498 atque
688 2414 821 2498 antiqua
840 2414 1070 2478 consuetudine
1089 2415 1204 2479 relicta
1223 2414 1273 2478 vel
1292 2413 1343 2477 his

200 2519 417 2603 temporibus,
455 2519 570 2603 quibus
608 2520 642 2584 in
674 2519 866 2584 vindicanda
899 2519 1051 2586 libertate
1082 2520 1342 2603 illustrandaque
1407 2595 1411 2604 Ι

200 2626 306 2709 patria
329 2626 472 2691 omnium
497 2630 530 2690 et
553 2626 662 2691 oeulos
686 2629 720 2690 et
743 2626 868 2690 animos
892 2626 1013 2692 defixos
1037 2627 1192 2710 videmus,
1216 2625 1343 2690 aliunde

200 2733 263 2797 nisi
288 2755 304 2797 e
329 2733 553 2798 communibus
578 2732 628 2795 vel
651 2753 752 2816 prope
776 2733 1000 2797 communibus
1020 2733 1140 2798 litteris
1161 2734 1228 2797 eius
1249 2753 1345 2816 ergu-

201 2843 346 2904 meutum
368 2839 580 2922 praelationis
604 2842 766 2923 petamus,
797 2861 861 2923 qua
884 2839 1068 2904 scholarum
1092 2861 1149 2922 per
1172 2839 1344 2923 insequens

202 2950 355 3011 semestre
384 2947 524 3029 spatium
552 2944 774 3010 habendarum
802 2943 1002 3009 fructuosam
1030 2944 1123 3009 vobis
1153 2945 1344 3010 varietatem

202 3052 472 3118 commendamus.
524 3051 722 3116 Revocemus
756 3054 865 3115 autem
897 3072 956 3116 vos
989 3051 1029 3115 ad
1061 3050 1214 3115 festivum
1247 3054 1346 3133 ceput

201 3160 289 3225 illius
313 3162 437 3244 poetae,
461 3158 516 3242 qui
540 3177 612 3221 cum
636 3157 784 3222 crebram
807 3157 1000 3241 praebuerit,
1022 3161 1093 3221 tum
1117 3157 1342 3222 inexhaustam

201 3267 338 3350 praebet
361 3263 594 3350 praebebitque
618 3263 858 3328 commentandi
881 3263 1061 3328 materiam.

336 3584 382 3670 m)
407 3585 461 3649 Im
484 3583 727 3649 Prooemium
751 3584 817 3648 des
842 3581 1101 3649 Summersem.
1127 3584 1212 3650 1850

504 3723 557 3810 (de
580 3724 683 3791 Stichi
707 3726 809 3791 veteri
831 3724 1052 3813 retractione).

292 3866 399 3951 Atque
429 3866 509 3933 haec
538 3890 627 3934 more
651 3867 809 3933 maiorum
833 3868 1030 3953 prolusimus
1054 3867 1239 3934 scholarum
1264 3890 1345 3951 quae

203 3972 296 4036 vobis
321 3973 499 4038 offeruntur
522 3974 769 4057 renuntiationi,
801 3996 865 4058 quo
890 3973 996 4038 denuo
1019 3975 1230 4058 moneamini,
1259 3974 1344 4056 quod

204 4099 274 4142 esse
297 4100 458 4144 summum
483 4081 516 4144 in
540 4081 699 4146 discendis
723 4080 844 4146 litteris
868 4083 1034 4165 putamus,
1059 4083 1156 4145 utne
1179 4080 1256 4164 quid
1280 4101 1345 4145 cre·

203 4184 287 4248 datis
317 4188 451 4251 temere:
483 4209 549 4252 non
578 4187 634 4272 qui
666 4193 786 4253 temere
816 4187 855 4252 de
887 4187 1083 4272 quibuslibet
1110 4187 1259 4252 dubitare
1281 4189 1345 4251 'vos

202 4291 380 4374 iubeamus,
403 4293 459 4357 sed
482 4315 556 4358 cum
581 4294 708 4359 ratione
732 4295 880 4360 dubitare
904 4295 943 4359 de
962 4293 1112 4359 omnibus
1131 4294 1219 4379 prius
1239 4314 1347 4376 quam,

203 4419 284 4480 quae
313 4396 546 4463 dubitationem
575 4420 640 4462 non
668 4399 788 4465 habere
815 4401 1053 4486 intellexeritis,
1083 4404 1168 4466 recte
1198 4400 1346 4465 credatis.

203 4503 329 4568 Valete.
