3318 5072
513 406 778 472 auanoarmrus
801 405 1009 455 rnavrrnrs.
1268 387 1333 452 515

278 551 359 632 Hoc,
382 554 446 618 nisi
470 553 519 618 tu:
541 575 618 618 uam
641 552 687 618 mi
711 551 816 618 calido
840 551 931 616 dabis
956 551 1114 636 sanguine
1137 571 1272 635 poenas:
1374 541 1381 551 “

277 660 346 726 Nec
369 660 414 724 mi
437 682 551 725 aurum
575 681 673 744 posco
695 680 754 724 nec
778 659 823 723 mi
846 659 985 743 pretium
1009 656 1176 722 dederitis:

192 789 225 849 et
247 783 391 850 Lucilius
415 785 501 870 apud
523 783 728 849 Priscianum
750 782 781 846 X
804 807 834 867 p.
857 783 922 848 903
948 782 1026 864 [536
1041 780 1108 863 K.]:

277 927 417 992 Etcum
441 927 474 990 id
499 928 543 990 mi
567 928 657 991 uisus
680 925 786 990 facere
810 929 868 1010 est,
892 928 961 990 tum
985 925 1068 988 retia
1090 923 1192 987 nexit:

188 1073 222 1134 et
244 1068 412 1134 Lucretius
436 1069 536 1134 semel
558 1069 618 1152 Ill,
643 1069 720 1133 105:

277 1211 474 1296 Magnopere
498 1211 620 1295 inquo
644 1210 689 1274 mi
712 1210 834 1275 diuorsi
858 1231 966 1273 errare
989 1209 1153 1274 uidentur:

188 1355 267 1418 item
292 1355 390 1418 semel
414 1353 570 1420 Horatius
595 1352 695 1417 Serm.
719 1352 744 1436 I,
767 1353 798 1436 9,
823 1353 880 1416 71:

277 1494 419 1581 Relligio
444 1500 504 1560 est.
536 1495 581 1560 At
604 1496 664 1560 mi:
689 1518 761 1559 sum
785 1495 894 1578 paullo
918 1494 1086 1579 infirmior,
1109 1517 1202 1578 unus,

189 1639 336 1722 quamvis
356 1638 402 1702 ibi
422 1639 626 1703 commodum
645 1636 743 1702 fuerit
761 1638 834 1701 maist
852 1638 1001 1702 scribere.
1032 1637 1145 1721 ltaque
1165 1636 1203 1701 de
1217 1636 1334 1702 Plauto

189 1745 217 1808 si
237 1749 323 1810 recte
342 1745 522 1830 observavi,
540 1745 649 1809 nescio
669 1767 710 1808 an
730 1744 808 1808 ferri
822 1744 867 1808 mi
881 1748 914 1808 et
927 1745 962 1808 in
976 1743 1125 1808 liberiore
1140 1746 1245 1807 metro
1259 1766 1335 1808 ana-

189 1851 334 1935 paestico
348 1851 498 1936 potuerit,
517 1852 569 1916 cui
583 1873 654 1916 eam
669 1851 808 1916 formam
828 1873 857 1934 p.
873 1867 1017 1915 cnxxvu
1032 1851 1125 1930 [418]
1140 1849 1284 1933 adhibui,
1303 1853 1336 1912 et

189 1959 330 2024 fortasse
345 1960 379 2024 in
394 1979 544 2024 caesurae
566 1958 749 2022 trochaicae
769 1959 816 2022 eis
836 1957 992 2042 exemplis
1012 1978 1093 2041 quae
1104 1976 1143 2054 p.
1158 1973 1335 2020 ccnxxvlss
1351 1982 1455 2024 ocxorr

192 2065 284 2145 [503]
304 2065 452 2149 tractavi,
474 2065 555 2129 item
574 2064 721 2129 inversu
740 2063 851 2148 paullo
871 2073 945 2128 ante
965 2063 1066 2128 allato
1086 2061 1187 2126 Istaec
1213 2063 1265 2145 ὁμο
1292 2065 1337 2128 mc'

189 2174 306 2254 se'mper
318 2171 425 2236 babai:
445 2172 496 2235 cui
510 2171 632 2236 rationi
646 2170 874 2268 convenienter
901 2170 951 2234 sui
974 2169 1139 2254 praecepti
1163 2169 1336 2235 severitate

192 2279 337 2343 relaxata
355 2277 564 2343 Hermannus
583 2300 685 2362 nuper
709 2278 770 2342 Vbi
787 2278 832 2342 mi
849 2297 909 2358 pro
927 2297 1002 2358 opaco
1020 2277 1112 2342 naus
1129 2278 1218 2341 detur
1235 2276 1337 2341 edidit

193 2384 309 2449 Bacch.
325 2407 352 2448 v.
367 2386 446 2468 41[7
451 2385 499 2468 21:
519 2386 574 2450 sed
590 2386 675 2450 idem
689 2407 748 2449 nec
761 2385 875 2450 aarum
889 2386 950 2446 mi:
973 2385 1055 2465 qaod
1074 2403 1126 2466 epo
1149 2384 1264 2448 aarum
1283 2383 1336 2464 [cf.

190 2513 219 2573 p.
245 2491 309 2554 514
333 2492 416 2576 sup]
439 2493 567 2557 defendi
590 2513 685 2577 posse
713 2491 880 2575 intellego,
908 2511 967 2554 nec
990 2490 1045 2554 Mi
1071 2490 1214 2554 latrabat
1241 2512 1279 2555 eo
1302 2492 1337 2556 in

189 2618 253 2680 quo
275 2619 362 2663 nunc
381 2621 548 2664 versamur
566 2597 749 2662 Trinummi
769 2619 872 2662 versu.
901 2596 986 2661 Hinc
1000 2596 1134 2660 iudicari
1151 2596 1335 2664 deAmbro·

189 2705 271 2768 siani
295 2705 451 2770 memoria
474 2709 584 2789 potest
606 2727 634 2768 v.
658 2705 714 2770 53:
741 2705 869 2785 siquid
894 2708 944 2770 mi
972 2705 1085 2769 molat.
1132 2703 1335 2788 Quamquam

189 2811 334 2878 codicum
372 2812 489 2896 exigua
521 2811 653 2875 omnino
687 2812 720 2874 in
752 2810 815 2875 hoc
849 2831 966 2896 genere
999 2811 1078 2876 fides
1111 2815 1176 2893 est,
1213 2815 1250 2874 ut
1281 2812 1336 2897 qui

190 2918 377 3002 plerumque
405 2918 482 2982 mibi
510 2917 698 2998 exhibeant,
729 2917 828 2982 etiarn
856 2917 913 2982 ubi
940 2922 1016 2982 ante
1047 2917 1191 2984 vocalem
1224 2939 1337 2982 mono-

190 3024 316 3108 syllabo
344 3026 389 3088 mi
416 3024 629 3088 cummaxime
658 3045 739 3108 opus
768 3027 826 3090 est.
873 3023 943 3101 Qua
971 3029 1080 3090 tamen
1108 3024 1186 3088 mibi
1213 3025 1336 3090 formae

189 3129 371 3214 frequentia
398 3151 437 3193 nc
465 3131 511 3194 ita
540 3131 688 3216 abutare,
716 3135 753 3193 ut
776 3132 951 3196 eorundem
974 3131 1136 3214 codicum,
1165 3129 1267 3196 sicubi
1291 3133 1337 3195 mi

190 3227 383 3320 scripturam
407 3239 573 3314 testentur,
598 3240 691 3300 tanto
716 3237 872 3302 maiorem
896 3259 966 3302 esse
992 3238 1219 3302 auctoritatem
1243 3259 1336 3322 argu·

190 3346 348 3426 mentera,
374 3342 589 3425 reputandum
614 3345 664 3406 est
686 3343 922 3408 feracissimam
945 3366 1063 3428 pravae
1087 3344 1336 3428 permutationis
1409 3365 1410 3368 ’

191 3469 339 3514 caussam
369 3447 529 3513 scribendi
552 3449 779 3532 compendium
801 3434 833 3512 rt
855 3451 971 3534 fuisse,
999 3450 1083 3535 quod
1107 3472 1179 3514 cum
1203 3453 1337 3536 propria

189 3556 222 3618 vi
253 3577 312 3620 sua
341 3576 543 3639 nequaquam
573 3556 618 3618 mi
648 3555 859 3640 significaret,
892 3557 948 3621 sed
978 3557 1085 3641 ipsum
1117 3557 1208 3636 mibi,
1240 3579 1336 3642 saepe

192 3665 301 3726 tamen
328 3683 386 3746 per
416 3681 556 3726 errorem
587 3661 627 3726 ad
657 3662 918 3747 monosyllabam
945 3664 991 3728 mi
1013 3662 1152 3728 formam
1178 3664 1336 3730 deflexum

190 3774 252 3852 est,
281 3773 318 3834 ut
344 3793 373 3834 v.
397 3769 426 3834 8.
450 3769 507 3852 54,
536 3769 625 3834 alibi.
651 3807 688 3814 -
720 3767 872 3834 Ceterum
901 3770 986 3854 quod
1013 3771 1335 3854 proceleusmaticum

189 3876 454 3941 Ldtebricoldram
478 3876 578 3942 etiam
601 3877 635 3941 iu
659 3877 873 3943 annotatione
897 3877 938 3942 ad
957 3899 985 3942 v.
1004 3879 1067 3943 241
1093 3877 1195 3963 posui,
1219 3877 1250 3941 id
1275 3877 1337 3940 etsi

189 3982 253 4048 lusi
280 3984 387 4068 potius
416 4005 513 4068 quam
541 3983 810 4066 fidem‚invenire
838 3984 908 4068 ipse
935 3983 1039 4063 volui,
1071 3983 1197 4048 ratione
1225 3985 1336 4046 tamen

189 4089 249 4153 hac
271 4089 346 4175 feci,
374 4095 410 4155 ut
437 4091 472 4154 in
495 4091 662 4156 octonario
692 4091 725 4155 id
748 4113 843 4174 posse
866 4090 994 4156 licitum
1018 4091 1119 4154 fuisse
1143 4088 1336 4172 suspicarer,

191 4195 276 4280 quod
298 4198 411 4279 procul
435 4196 628 4262 habuissent
651 4198 834 4281 septenarii.
879 4195 966 4262 Nam
991 4197 1052 4261 atsi
1076 4197 1109 4260 in
1133 4194 1184 4258 his
1208 4215 1336 4278 quoque

190 4303 256 4367 scio
281 4302 346 4366 alia
368 4303 515 4387 exempla
538 4301 696 4386 quaedam
716 4307 851 4386 exstare,
875 4309 911 4366 ut
929 4300 997 4367 Mil.
1016 4301 1057 4386 V,
1075 4303 1129 4384 44,
1151 4305 1260 4366 tamen
1279 4321 1337 4366 cur

189 4431 230 4473 ne
244 4408 324 4474 baec
340 4408 467 4493 quidem
482 4409 698 4474 certissimam
714 4408 835 4492 alioqui
850 4409 1011 4474 rationem
1031 4410 1194 4472 infirmare
1213 4411 1335 4493 putem,

191 4515 268 4580 olim
293 4515 475 4598 explicandi
500 4513 728 4599 opportunitas
752 4515 823 4578 erit.

1068 4619 1122 4673 33*
