3266 5070
398 421 470 467 uren
494 419 554 468 ons
578 417 769 466 salemone
792 415 1110 464 rnanuussnunrsrs.
1287 397 1329 462 65

183 563 284 616 borum
304 560 416 616 foetura
434 557 540 614 fructus
559 557 674 629 capiant
691 559 790 614 uberes
807 563 892 625 atque
906 556 1052 612 iucundos.
1070 555 1141 610 Vale
1156 555 1242 610 etms
1258 571 1329 609 ama.

183 650 294 720 Nempe
312 651 378 704 tuus
397 648 528 703 Verlerus
547 647 610 715 erit,
629 647 695 701 dum
715 645 774 701 vita
791 645 1021 715 manehitttatque
1040 647 1119 700 tuum
1138 661 1241 698 nomen
1258 645 1329 698 tem·

182 757 235 808 pus
260 738 291 792 in
316 754 399 792 omne
426 736 507 793 colet.
544 737 649 792 Iterum
675 735 746 790 sale.
784 735 875 790 Ticini
894 735 1003 790 decimo
1022 737 1101 788 sexto
1120 732 1166 788 die
1185 733 1330 788 Decembr.

184 843 258 881 enno
277 826 393 882 xvntt.

1074 911 1150 966 Tuus
1168 912 1258 967 Vitas.

746 1114 776 1178 2.

192 1220 246 1288 (De
264 1220 348 1274 rebus
367 1217 425 1273 suis
442 1236 499 1274 non
517 1217 589 1273 nibil
608 1216 731 1288 exponit
770 1223 794 1270 2.
814 1215 1000 1272 Renchlinum
1019 1219 1048 1272 et
1066 1217 1220 1272 Hutteuum
1239 1216 1321 1272 rebus

249 1309 381 1364 humanis
401 1312 512 1378 ereptos
530 1308 618 1378 luget.
656 1313 681 1361 3.
701 1305 830 1362 Discordi
850 1305 1017 1362 Germaniae
1035 1324 1090 1376 pax
1109 1304 1263 1374 reddatur.)

253 1432 346 1488 Salve.
383 1430 588 1486 liberalissimi
611 1446 703 1486 mores
727 1429 932 1500 candidumque
955 1430 1026 1487 illud
1051 1433 1149 1502 pectus
1172 1432 1251 1485 tuum
1274 1446 1331 1484 non

181 1521 237 1576 nisi
256 1521 355 1592 gratiis
375 1537 408 1575 ao
427 1518 572 1574 amiciciae
590 1522 702 1586 natum,
721 1517 860 1573 Bitibalde
879 1519 1054 1587 doctissima,
1073 1519 1127 1576 hoc
1145 1519 1263 1588 egerunt
1280 1537 1330 1572 nu·

179 1627 244 1680 per,
268 1611 300 1664 nt
322 1627 376 1680 ego
399 1608 548 1679 insigniter
566 1608 696 1663 auderem
721 1607 884 1677 posthabito
904 1609 980 1664 omni
998 1608 1103 1678 pudore
1128 1607 1262 1676 quiddam
1281 1625 1331 1677 per

180 1698 290 1753 litteras
314 1697 476 1752 erubescere
499 1695 622 1765 nescias,
652 1696 727 1766 qnod
750 1713 881 1767 praesens
905 1695 952 1750 six
971 1698 1206 1767 expostulassem,
1233 1697 1330 1752 abste

177 1791 275 1858 petere
293 1785 396 1840 luerim
416 1803 507 1841 anans.
532 1786 585 1840 Tui
601 1787 662 1841 erat
679 1786 824 1856 ignoscere
844 1785 953 1840 bomini
971 1803 1020 1841 suo
1040 1788 1130 1842 semet
1148 1786 1238 1855 ipsum
1258 1785 1330 1856 pede

178 1874 287 1942 alioqui
306 1873 458 1945 diligenter
475 1865 617 1942 metienti}
636 1874 677 1928 ite
695 1874 766 1928 mihi
785 1875 880 1929 omnia
897 1877 991 1930 tecum
1010 1873 1116 1945 garrire
1136 1875 1219 1944 inque
1239 1875 1330 1930 sinum

177 1965 259 2018 tuum
282 1962 371 2016 libere
393 1961 529 2030 quicquid
553 1962 673 2017 habeam
697 1965 747 2018 aut
765 1979 894 2018 curarum
913 1965 963 2018 aut
979 1981 1117 2033 nugarum
1136 1963 1278 2018 effundere
1296 1963 1330 2016 li-

179 2052 269 2107 citum
287 2055 427 2121 putaram.
465 2051 563 2119 Neque
584 2050 691 2120 dubito,
711 2051 779 2120 quin
798 2051 996 2106 inhonorem
1015 2050 1195 2118 Bilibaldum‚
1214 2051 1268 2106 boc
1287 2053 1330 2105 est

179 2139 303 2195 amicum
322 2139 402 2194 illum
422 2139 501 2194 nulla
519 2155 552 2193 er
572 2141 652 2208 parte
672 2141 849 2207 cessatorem,
868 2140 959 2193 totum
983 2138 1121 2206 effuderis,
1140 2137 1195 2192 nisi
1209 2137 1328 2194 fortasse

177 2231 261 2283 tanta
278 2227 478 2298 superstitione
496 2229 634 2296 teneatur,
654 2230 687 2282 ut
705 2225 804 2297 religio
823 2227 866 2282 illi
886 2228 923 2282 ait
941 2227 971 2282 in
982 2227 1040 2282 Viti
1059 2226 1103 2282 sui
1116 2226 1230 2297 negotio
1250 2244 1326 2282 men-

178 2314 297 2372 daciolis
315 2315 425 2384 aliquot
444 2316 530 2371 abuti.
575 2315 655 2383 Quod
675 2315 771 2370 multis
789 2315 846 2370 iem
865 2315 1007 2372 mensibus
1025 2316 1165 2370 scribendi
1183 2314 1220 2369 ad
1238 2318 1267 2370 te
1287 2313 1325 2370 of·
1342 2325 1382 2364 29⁰

178 2405 273 2460 ficium
298 2403 508 2472 intermiserim,
531 2404 625 2458 nescio
654 2403 755 2473 quibus
777 2405 870 2459 verbis
895 2404 947 2458 sim
967 2421 1080 2460 cansam
1099 2421 1190 2459 meam
1210 2408 1331 2473 acturus,

127 2499 130 2504 ’
179 2495 204 2549 si
222 2494 338 2564 negotia
357 2509 504 2548 causarum
523 2490 565 2559 (id
583 2492 659 2560 qnod
678 2492 771 2547 solent
788 2493 845 2547 iere
864 2492 984 2563 desides)
1005 2493 1117 2561 quando
1136 2494 1206 2549 mibi
1224 2495 1333 2550 nonsit

181 2586 275 2637 tantus
298 2581 475 2652 negotiorum
494 2581 646 2646 tumultus,
676 2582 777 2650 quibus
801 2581 924 2650 undique
948 2581 1112 2654 distringat,
1132 2599 1229 2638 vereor
1247 2601 1331 2652 quam

178 2673 301 2725 maxime
329 2688 377 2738 ne,
406 2669 432 2723 si
460 2669 489 2723 id
517 2675 694 2740 praetexam,
723 2672 785 2724 tota
812 2670 864 2724 sim
893 2686 977 2726 causa
1003 2670 1088 2726 facile
1116 2688 1237 2726 casurus.
1279 2672 1332 2728 Tui

179 2758 398 2814 mellitissimum
424 2759 587 2814 memoriam
611 2759 768 2829 obrepsisse
792 2759 875 2827 mibi,
899 2777 965 2828 qum
990 2775 1098 2827 eorum,
1133 2777 1203 2828 quos
1231 2761 1330 2816 charos

180 2849 300 2918 habeas,
328 2847 500 2904 oblivionem
518 2865 585 2903 vera
603 2846 733 2903 amicicia
751 2865 808 2904 non
825 2848 970 2917 admittat,
997 2865 1054 2903 non
1076 2851 1119 2903 eet
1146 2866 1198 2917 qur
1221 2848 1249 2903 in
1277 2852 1330 2906 hac

182 2953 293 3005 quoque
317 2953 347 2991 re
372 2935 560 3007 patrocinium
583 2936 695 2992 aliunde
719 2939 815 3007 petere
838 2937 959 2992 babeam
977 2953 1099 2992 necesse.
1135 2937 1215 2992 Vnde
1234 2937 1330 3009 igitur,

178 3025 298 3096 inquies,
316 3029 377 3080 tam
395 3025 556 3080 diuturnum
576 3025 738 3080 silentium?
758 3025 782 3080 si
799 3043 852 3080 nec
871 3025 1070 3096 occupationes
1085 3033 1159 3095 tuae,
1180 3043 1252 3095 quae
1269 3027 1331 3082 nul·

179 3116 223 3170 lac
242 3117 320 3183 sunt,
344 3131 434 3182 neque
458 3113 518 3168 ulla
542 3113 647 3168 oblivio
670 3113 834 3169 amicissimi
853 3114 974 3169 hominis
993 3114 1157 3170 memoriam
1176 3115 1229 3170 tibi
1248 3134 1329 3173 exeu-

179 3205 240 3259 tere
259 3203 371 3273 potuit?
403 3202 485 3271 Audi,
503 3201 651 3278 Bilibalde,
673 3203 702 3258 id
721 3203 796 3270 quod
815 3221 882 3258 sana
901 3220 944 3258 res
963 3203 1058 3272 habet,
1078 3220 1130 3272 qur
1148 3205 1222 3259 enim
1241 3205 1329 3261 mani-

181 3293 253 3346 lesta
270 3292 400 3362 negabo?
432 3309 493 3346 sum
513 3291 734 3366 procrastinator
758 3291 800 3346 ita
817 3291 964 3362 mirificus,
988 3294 1020 3347 ut
1042 3293 1089 3346 vix
1108 3291 1145 3346 sit
1163 3293 1236 3348 alius
1256 3296 1329 3363 qnis-

179 3381 270 3450 piam,
294 3396 378 3448 quem
400 3377 472 3433 mibi
494 3379 523 3434 in
542 3396 571 3434 re
589 3381 648 3434 tem
668 3379 783 3450 egregia
801 3379 946 3449 anteferri,
968 3380 1072 3435 nedum
1100 3374 1220 3437 conferri
1247 3383 1329 3440 facile

182 3469 283 3540 patiar.
307 3467 345 3524 Et
360 3471 425 3524 sunt
438 3471 497 3523 tam
516 3468 575 3522 alta
590 3467 728 3523 montium
747 3468 900 3538 cacumina,
919 3469 1019 3537 quibus
1037 3469 1146 3525 medius
1164 3471 1329 3542 circumdor,

184 3561 216 3612 ut
239 3573 329 3612 annus
351 3555 465 3612 interim
488 3558 660 3627 praetereat,
689 3574 743 3626 qno
767 3558 860 3612 nullus
884 3559 1053 3614 concedatur
1077 3559 1114 3614 ad
1136 3567 1196 3614 tam
1214 3562 1329 3618 eximios

182 3643 289 3699 amicos
313 3662 346 3700 ac
369 3647 504 3715 patronos
520 3645 622 3700 litteris
640 3647 709 3701 meis
733 3645 834 3715 exitus,
863 3664 932 3715 quos
954 3651 1049 3703 tamen
1072 3648 1148 3703 omni
1173 3651 1329 3706 officiorum

182 3751 285 3802 genere
313 3733 445 3803 prosequi
473 3751 524 3803 par
550 3737 619 3789 erat.
657 3729 737 3790 Vnde
759 3735 805 3790 vel
829 3737 882 3790 hoo
905 3736 965 3790 solo
989 3735 1102 3791 nomine
1125 3737 1217 3793 locum
1243 3740 1328 3794 istum

182 3821 257 3877 male
275 3821 336 3889 odi,
355 3821 431 3890 qnod
449 3838 564 3892 perraro
583 3826 743 3891 occurrant,
763 3823 810 3891 qui
829 3825 879 3878 aut
897 3823 963 3879 binc
982 3825 1017 3879 ad
1037 3841 1085 3879 vos
1104 3829 1154 3881 aut
1171 3827 1273 3883 isthinc
1291 3830 1328 3884 ad

180 3927 232 3966 uos
252 3913 416 3965 commeent
454 3910 499 3965 Ita
517 3909 582 3966 dum
601 3911 721 3966 maxime
746 3911 886 3967 officiosus
905 3911 993 3968 rideri
1013 3913 1095 3982 cupio
1114 3914 1327 3986 hominibusque

184 3999 256 4054 bene
275 3997 310 4053 de
329 4015 373 4054 me
392 3999 563 4054 merentibus
578 3999 632 4054 hac
646 4000 747 4055 saltem
761 4016 791 4055 re
805 3999 966 4071 gratificari,
985 4019 1052 4070 quin
1074 4003 1145 4058 nihil
1168 4007 1328 4072 praestatur

186 4089 251 4156 poet
281 4085 486 4157 longiusculam
514 4087 751 4158 expectationem,
775 4089 807 4144 tit
833 4092 866 4144 at
883 4090 903 4144 ii
922 4089 1111 4156 incivilitatis,
1138 4092 1182 4146 illi
1201 4110 1267 4148 vero
1285 4093 1325 4148 in·
1341 4099 1379 4138 ²9¹

183 4175 366 4245 gratitudinis
385 4193 429 4230 me
447 4192 579 4232 aconem
597 4193 653 4232 nou
671 4180 787 4234 cessent.
827 4179 855 4234 si
874 4179 946 4235 forte
966 4180 1198 4250 quemadmodum
1218 4183 1328 4237 valeam

186 4264 306 4332 quaeris,
325 4262 385 4319 Deo
405 4268 463 4334 opt.
486 4281 559 4320 max.
574 4268 688 4321 auctore
707 4271 752 4321 sat
768 4268 838 4323 hene
857 4269 957 4336 babeo,
976 4268 1083 4336 tibique
1098 4268 1171 4324 siout
1184 4271 1327 4340 optimam,

182 4355 224 4408 ite
245 4353 396 4424 longorem
420 4353 610 4409 valetudinem
631 4355 783 4425 imprecor,
811 4373 866 4424 quo
890 4357 980 4426 possis
1003 4356 1220 4414 foecundissima
1242 4359 1329 4415 animi

183 4442 224 4496 tui
242 4441 337 4496 latura
359 4441 548 4496 studiosorum
567 4442 670 4499 diutius
689 4445 860 4514 locupletare
879 4447 1084 4515 paupertatem.
1122 4446 1197 4518 Ego,
1215 4447 1239 4502 si
1258 4449 1327 4505 scire

184 4531 274 4602 cupis,
298 4531 420 4587 alterum
439 4531 525 4587 ferme
542 4548 667 4588 mensem
686 4534 828 4590 venationi
847 4533 888 4588 ita
906 4535 1016 4590 strenue
1035 4533 1076 4589 lui
1095 4535 1219 4607 deditus,
1238 4535 1280 4592 ita
1298 4539 1327 4594 in

233 4641 274 4676 ra
295 4640 445 4676 amaseam
466 4639 599 4676 orvsovns
618 4641 643 4678 v.
1099 4631 1114 4680 5
