3338 5072
528 406 791 455 nunnnsmours
815 405 1022 455 ensvrrunn.
1282 388 1347 452 339

205 547 348 638 (quaudo
376 549 416 614 dc
444 549 602 630 κόλλαβο(
624 572 719 615 nemo
744 549 965 648 cogitaverit),
988 570 1185 636 quamquam
1207 569 1274 614 non
1297 570 1349 613 va-

204 677 279 722 cans
304 656 517 722 dubitatione.
563 655 610 721 Vt
636 679 702 722 non
729 658 839 741 inepte
861 657 924 722 hoc
948 656 1097 740 exemplo
1120 659 1228 722 totum
1250 654 1349 720 versi·

204 764 313 828 culum
335 763 508 828 vernacula
531 762 644 848 lingua
667 763 806 828 imitere:

363 901 503 958 Haltelest
527 903 621 973 vru’s¹
645 902 960 974 Sohv'anaeleiegsricb‚
985 903 1143 970 Krtlmleim
1167 901 1350 972 Ringfreund,

1057 991 1193 1046 Greifezu.

205 1118 366 1194 Quoniam
388 1119 423 1182 in
445 1118 631 1185 nominibus
655 1121 796 1204 propriis
820 1141 945 1204 versor,
973 1121 1053 1186 libet
1081 1119 1179 1186 etiam
1203 1117 1350 1184 Callima

202 1225 329 1312 allow)
362 1232 396 1291 et
428 1225 604 1292 Chariclem
637 1247 904 1310 commemorare,
937 1249 1019 1311 quae
1046 1226 1179 1292 nomina
1206 1229 1244 1290 ut
1277 1223 1351 1290 aliis

205 1333 377 1398 usitatiora
399 1356 429 1397 v.
452 1332 527 1397 917.
550 1333 616 1397 922
639 1332 757 1398 invexi.

293 1437 422 1504 Addam
445 1439 498 1504 his
522 1461 625 1523 pauca
648 1439 687 1504 ad
706 1440 813 1505 locum
831 1439 870 1504 de
890 1441 1128 1506 constructione
1146 1439 1351 1524 pertinentia.

206 1545 403 1612 Accusativo
426 1545 581 1629 iunctum,
603 1567 671 1610 non
693 1545 802 1610 dativo
826 1546 996 1628 obrepere
1019 1548 1169 1632 verbum,
1192 1569 1256 1632 qua
1279 1568 1363 1612 oon··

208 1654 386 1720 structione
409 1653 444 1718 in
466 1654 602 1738 prologo
626 1652 761 1717 Poenuli
785 1675 813 1716 v.
827 1653 866 1716 14
891 1652 1013 1718 dictum
1037 1656 1164 1718 tacitum
1187 1659 1214 1718 te
1236 1655 1493 1736 obeptdaxxxrn

205 1760 320 1840 fomes,
342 1744 580 1826 Ambrosianus
603 1758 768 1843 praestit't
796 1758 895 1823 etiam
920 1758 1102 1825 Trinummi
1129 1784 1158 1826 v.
1182 1762 1221 1826 61
1251 1779 1352 1826 unu-

208 1885 426 1932 Pnunuurnro
448 1865 603 1932 exhibens
627 1866 788 1949 pro'mibi
810 1866 1014 1948 imprudenti:
1046 1865 1129 1932 und'e
1153 1888 1352 1952 consequens

207 1971 271 2037 fuit
293 1975 331 2037 ut
354 1972 453 2037 etiam
477 1996 506 2036 v.
529 1972 684 2037 97411011
707 1973 764 2056 mi,
789 1972 845 2036 sed
867 1993 915 2036 me
937 1973 1140 2040 insereretur.
1166 2010 1204 2020 -
1231 1971 1353 2040 Contra

207 2078 336 2143 dativus
360 2079 585 2163 requirebatur
607 2100 635 2142 v.
660 2077 725 2143 558
748 2099 782 2143 os
804 2079 855 2142 cui
876 2079 1014 2144 subtiliat
1036 2103 1095 2164 pro
1118 2081 1206 2146 ouius
1228 2101 1262 2145 os
1283 2081 1351 2145 aab·

208 2187 299 2250 liuot:
333 2187 498 2250 constanti
527 2185 613 2250 enim
637 2184 789 2270 loquendi
814 2185 1045 2250 consuetudine
1067 2187 1211 2252 sublini
1233 2207 1272 2252 os
1294 2188 1353 2252 oli-

209 2293 260 2356 cui
282 2293 408 2376 dicitur,
432 2314 498 2357 non
520 2292 662 2356 olibuius.
708 2290 753 2355 Et
775 2290 853 2356 illuc
876 2295 1023 2375 spectare
1046 2292 1120 2376 ipsa
1145 2293 1353 2359 Ambrosiani

209 2399 367 2483 scriptura
399 2417 498 2466 cviros
531 2399 671 2479 videtur,
703 2419 840 2482 quorum
875 2401 1002 2463 tantum
1036 2397 1114 2463 ordo
1146 2400 1352 2466 invertendns

211 2509 309 2588 [quoii
331 2528 372 2586 os,
396 2513 433 2572 ut
455 2530 486 2570 v.
500 2507 575 2589 358,
598 2501 725 2585 Trin.²].
740 2541 782 2551 —
806 2503 861 2568 Au
883 2525 916 2570 eo
938 2509 1096 2588 eymtutem
1118 2508 1152 2572 ci
1175 2509 1354 2573 tolerabis

208 2636 237 2678 v.
253 2615 316 2679 371
343 2614 524 2678 certissima
547 2613 746 2678 correctione
770 2612 920 2676 effectum
944 2617 994 2676 est
1018 2635 1056 2684 ex
1079 2619 1238 2696 gestatem
1260 2620 1290 2680 et
1311 2619 1352 2679 to

209 2721 330 2799 zoua,
354 2719 543 2804 praesertim
568 2741 640 2784 oum
663 2719 697 2783 in
714 2718 747 2783 Α
770 2722 847 2803 poet
869 2735 1079 2784 nensrurnu
1103 2725 1160 2786 aut
1181 2740 1203 2786 n
1227 2725 1354 2787 tantum

208 2833 265 2893 aut
288 2847 301 2894 1
325 2831 486 2912 sequatur.
518 2825 604 2891 Hinc
626 2826 728 2910 igitur
747 2825 884 2910 profecti
904 2827 1064 2910 corruptis
1083 2850 1112 2892 v.
1127 2828 1191 2894 338
1210 2828 1353 2892 numeris

207 2934 337 2999 toterdre
363 2935 429 3000 cius
457 2935 615 3016 epe‘stattm
644 2933 713 2998 uoto
745 2931 921 2998 maluimus
950 2937 1078 2998 servato
1102 2936 1275 2999 verborum
1304 2955 1353 2998 or·

208 3041 282 3106 dinc
303 3041 413 3125 quiin
427 3041 460 3104 A
478 3043 537 3124 est,
560 3041 626 3104 eiras
648 3043 757 3104 autam
780 3039 814 3102 in
836 3040 865 3104 oi
887 3043 1016 3105 mutam
1040 3061 1231 3124 succurrere,
1256 3062 1353 3125 quam

209 3171 280 3214 oum
305 3152 398 3232 parte
423 3146 581 3210 librorum
604 3148 817 3229 transponere
840 3151 997 3228 egestatem
1020 3147 1093 3212 cius.
1140 3145 1228 3222 Quae
1251 3151 1354 3211 trans-

208 3255 329 3339 positio
353 3254 381 3318 si
405 3253 456 3318 cui
480 3253 521 3316 ab
544 3253 617 3335 ipsa
639 3273 847 3316 numerorum
870 3252 1088 3317 concinnitate
1107 3252 1285 3336 elegantior
1309 3254 1353 3318 vi-

209 3361 346 3444 debitur,
369 3361 421 3425 vel
445 3360 491 3424 sic
514 3358 642 3423 dativus
665 3363 775 3424 tamen
798 3359 955 3424 tenendus
975 3359 1037 3424 erit
1054 3363 1211 3441 aeuum
1229 3360 1258 3423 et
1274 3360 1352 3425 uolo.

209 3467 278 3532 Nec
308 3468 393 3532 enim
425 3465 537 3532 eodem
568 3487 676 3530 carere
707 3466 773 3530 ullo
804 3465 900 3532 modo
930 3487 1103 3550 possumus
1132 3488 1161 3532 v.
1185 3467 1264 3550 358,
1297 3467 1352 3532 ubi

210 3574 356 3639 Philtoni
384 3574 430 3639 sio
458 3574 556 3658 vulgo
585 3573 815 3657 interroganti:
853 3572 950 3638 Ourios
972 3578 1130 3656 epmtotem
1153 3574 1281 3639 tolerare
1303 3576 1353 3640 uis

209 3718 252 3728 -
275 3681 436 3765 Lysiteles
460 3680 646 3764 respondet:
678 3679 843 3744 Lesbonico
865 3678 937 3743 biae
958 3680 1144 3745 adulescenti
1166 3680 1353 3746 Charmidai

207 3790 282 3871 filio.
328 3787 417 3873 Ergo
441 3789 529 3852 coicis
552 3785 804 3852 convertendum
827 3787 863 3851 in
885 3788 936 3852 ciii
958 3792 992 3851 be
1017 3787 1115 3869 [podii
1133 3782 1248 3866 Trici]
1273 3789 1353 3850 erat.

119 3933 124 3944 ·
208 3933 251 3942 —
275 3894 397 3961 Contra
419 3895 529 3960 nullus
552 3893 662 3958 dativo
686 3894 777 3958 locus
799 3916 828 3958 v.
845 3893 943 3957 1126:
968 3893 1075 3974 Neque
1094 3893 1158 3974 soit
1179 3913 1274 3974 noque
1296 3893 1354 3956 erit

215 4005 348 4070 ...oui
373 4003 449 4086 fides
475 4002 666 4084 fidelitasque
693 4002 828 4065 omium
855 4021 928 4083 erpo
955 4001 1127 4082 aequiperet
1158 4019 1258 4065 suam.
1304 3997 1353 4062 Dc

209 4109 417 4175 intransitiva
444 4109 477 4174 vi
505 4109 750 4190 oeqroiperore
776 4107 866 4171 verbi
894 4107 1027 4172 minime
1051 4109 1192 4170 constat:
1224 4102 1353 4189 quando

208 4221 241 4280 et
268 4217 302 4280 iu
326 4215 519 4280 Pacuuianis
548 4213 632 4296 apud
661 4211 804 4277 Nonium
833 4235 864 4296 p.
885 4213 951 4279 307
984 4212 1092 4274 verbis
1123 4217 1159 4274 ut
1189 4212 1250 4276 isto
1281 4212 1355 4275 siut

297 4429 323 4497 *)
344 4425 568 4499 [Gallimorclmm
587 4423 757 4481 Ritecbelins
776 4423 883 4483 invexit
899 4424 929 4482 in
948 4424 990 4482 ed.
1005 4425 1064 4492 ali,
1083 4423 1127 4478 cui
1146 4423 1252 4478 formae
1271 4421 1355 4475 fldem

209 4515 277 4572 lecit
294 4515 323 4571 in
343 4516 444 4589 Opusc.
463 4516 532 4586 phil.
552 4516 590 4569 ΠΙ
608 4534 635 4585 p.
654 4515 728 4586 alu]
1128 4599 1143 4632 1,

1088 4605 1121 4658 22
