3338 5072
533 387 796 438 sununsmoum
821 385 1031 436 ensvrmnn.
1292 369 1355 436 297

299 530 328 598 u
357 554 462 598 mens
491 519 554 618 est,
586 531 736 599 undecim
764 531 882 598 abhinc
910 553 1014 598 annos
1038 536 1166 616 emptus
1190 555 1210 598 a
1232 531 1357 598 Molino

209 637 400 705 Florentino
423 639 557 705 librario
581 641 614 705 et
636 638 834 725 antiquario:
858 638 1048 705 chartaceus
1068 638 1187 706 saeculi
1197 636 1269 723 XV,
1292 638 1356 703 for·

210 769 283 812 mae
312 746 473 812 maximae
502 747 557 813 sed
593 746 739 814 modicae
774 768 956 830 mensurae,
1001 746 1155 812 foliorum
1193 761 1359 828 conxxw,

214 875 352 941 quorum
374 875 477 920 unum
499 855 586 920 inter
607 853 794 920 Asinariam
817 857 851 918 et
873 853 1093 940 Aululariam,
1120 855 1184 919 duo
1212 855 1245 918 et
1267 851 1358 916 dimi-

217 960 306 1026 dium
333 960 419 1028 inter
440 960 611 1045 Epidicum
635 963 668 1026 et
692 960 868 1028 Bacchides
891 961 1052 1046 scriptura
1075 964 1208 1046 vacant,
1239 982 1260 1026 a
1291 959 1357 1026 sin·

213 1067 363 1154 gusianum
404 1069 597 1153 paginarum
630 1067 778 1133 versibus
811 1086 899 1132 xxxi
932 1068 973 1133 ad
1005 1086 1143 1134 xxxvm
1159 1089 1161 1093 ’
1179 1065 1356 1153 procedens

211 1174 303 1240 nulla
339 1174 530 1241 constantia.
585 1174 624 1241 ln
660 1175 847 1260 praemissis
885 1174 1056 1240 chartaceo
1093 1175 1196 1241 codici
1233 1174 1358 1259 aliquot

211 1282 409 1348 membranis
433 1304 506 1346 oum
529 1284 680 1366 excerpta
705 1281 854 1348 aPlauto
879 1281 1037 1368 quaedam
1061 1287 1131 1348 tum
1150 1281 1245 1348 index
1264 1280 1358 1346 labu-

211 1389 316 1455 larum
339 1393 410 1454 tum
433 1388 514 1454 haec
537 1389 702 1474 leguntur:
745 1386 948 1474 ‘Sebastianj
972 1389 1144 1474 Beniuieuj
1169 1389 1192 1455 b
1216 1388 1357 1454 amicoll.

211 1495 290 1574 Quis
310 1518 382 1562 eum
406 1499 498 1562 tenet
520 1495 579 1561 sub
603 1517 687 1580 pena
715 1497 1057 1563 excommunicationis
1075 1496 1203 1582 papalis
1222 1493 1356 1560 reddat'

210 1603 413 1670 Posteriores
436 1602 564 1668 fabulas
582 1601 646 1668 XII
670 1603 811 1669 secunda
833 1625 948 1670 manus
972 1607 1068 1670 tanta
1091 1603 1265 1670 sedulitate
1289 1624 1358 1668 cor·

210 1712 310 1796 rexit,
336 1715 374 1777 ut
401 1711 464 1776 hac
491 1711 526 1776 in
548 1715 639 1796 parte
663 1733 795 1796 prorsus
819 1733 878 1796 pro
902 1709 1026 1778 duobus
1051 1710 1214 1778 codicibus
1237 1709 1357 1777 haben·

211 1818 269 1885 dus
294 1819 346 1885 sit.
386 1817 531 1882 Primam
554 1816 655 1904 igitur
678 1821 711 1884 et
735 1817 907 1884 secundam
931 1839 1063 1883 manum
1087 1818 1121 1883 in
1145 1816 1357 1883 annotatione

212 1947 285 1991 mea
309 1923 428 1990 additis
451 1943 472 2012 a
495 1927 529 1990 et
550 1925 574 1990 b
596 1924 730 2010 litteris,
763 1929 801 1990 ut
823 1925 913 1992 soleo
937 1925 1034 1990 etiam
1058 1925 1092 1990 in
1114 1923 1247 2008 reliquis
1271 1921 1357 1988 codi-

215 2033 321 2116 cibus,
354 2031 573 2097 discriminavi
596 2053 697 2118 usque
721 2031 762 2097 ad
786 2031 925 2098 mediam
949 2053 1099 2098 scaenam
1123 2049 1160 2096 rv
1194 2033 1286 2095 actus
1309 2029 1357 2094 II:

211 2140 287 2206 hino
310 2138 349 2204 de
373 2137 513 2204 secunda
536 2159 633 2204 manu
656 2141 790 2223 propter
808 2159 862 2204 eas
882 2159 964 2223 quae
983 2137 1071 2203 infra
1088 2138 1245 2222 patefient
1265 2157 1356 2202 oaus-

210 2269 263 2312 sas
287 2245 475 2332 plerumque
498 2267 632 2329 prorsus
656 2245 751 2312 tacui.
797 2244 959 2311 Versuum
981 2244 1148 2312 distinctio
1171 2243 1283 2310 eadem
1307 2245 1357 2308 est
1370 2263 1473 2304 xxm

209 2375 291 2440 quae
314 2355 348 2419 in
372 2351 432 2420 01>
453 2357 488 2418 et
509 2353 626 2419 ceteris
649 2356 779 2438 praeter
800 2352 835 2419 B
857 2352 950 2418 libris
974 2353 1135 2419 omnibus.

300 2514 329 2580 F
352 2512 573 2598 Lipsiensis
596 2513 824 2598 bybliothecae
843 2513 1033 2600 senatoriae,
1056 2513 1179 2580 formae
1198 2512 1358 2578 maximae

214 2621 269 2688 sed
293 2621 440 2688 modicae
463 2642 647 2706 mensurae,
678 2620 714 2685 in
738 2637 880 2687 cccxnn
903 2621 1113 2706 membranis,
1145 2641 1281 2705 quarum
1304 2641 1358 2704 pa·

211 2729 308 2814 giuae
337 2745 465 2794 xxvnn
495 2748 644 2792 versuum
677 2731 766 2813 sunt,
794 2727 989 2792 nitidissime
1021 2727 1150 2793 saeculo
1173 2727 1236 2793 XV
1259 2726 1358 2810 scrip·

213 2839 265 2901 tas
288 2834 416 2900 fabulas
438 2833 499 2899 XX
523 2833 754 2918 complectens:
792 2833 920 2900 saeculo
944 2832 1022 2900 XVI
1046 2833 1079 2899 in
1103 2833 1263 2918 Hispania
1286 2853 1359 2917 pos·

211 2965 318 3008 sessus
342 2941 383 3006 ab
406 2939 610 3028 Hieronymo
634 2939 745 3007 Surita
768 2937 1080 3027 Caesaraugustam,
1103 2943 1218 3025 postea
1240 2939 1280 3005 ad
1295 2937 1359 3004 Ba·

211 3052 306 3114 tavos
335 3049 443 3133 aliquo
472 3069 549 3114 casu
577 3047 719 3133 delatus,
752 3070 836 3114 anno
866 3051 974 3114 autem
1002 3065 1290 3131 cmmccxxxvm,
1322 3048 1360 3111 ut

211 3159 353 3221 testatus
377 3154 495 3221 asilo.
518 3153 605 3220 Frid.
624 3150 796 3234 Christius,
820 3154 952 3220 ‘hastae
975 3154 1151 3240 Lipsiensis
1175 3151 1358 3219 academiae

209 3263 295 3328 inter
325 3260 486 3327 Sellianos
519 3261 621 3328 libros
654 3262 818 3327 subiectus
851 3265 884 3328 et
912 3259 1034 3326 Ouriali
1064 3261 1282 3326 bibliothecae
1310 3282 1358 3325 re-

213 3367 384 3454 demptus?
430 3367 616 3454 Aliquando
640 3371 717 3454 post
740 3367 977 3453 Hieronymum
996 3366 1140 3434 Suritam
1161 3367 1265 3432 luisse
1288 3365 1358 3432 Fri·

210 3476 310 3542 derici
338 3474 482 3560 Adolphi
509 3472 656 3540 Hansem
689 3476 730 3542 ab
760 3474 950 3541 Ehrencron
982 3474 1123 3541 traditur
1155 3497 1175 3539 a
1208 3473 1358 3539 Fabricio

210 3582 296 3649 Bibl.
328 3583 385 3648 lat.
417 3605 447 3670 p.
472 3582 514 3646 27
548 3580 625 3646 Em.
679 3582 729 3648 Eo
762 3581 968 3648 Hermaunus
1002 3605 1079 3648 usus
1112 3582 1147 3646 in
1176 3580 1358 3646 Elementis

214 3689 379 3756 doctrinae
403 3689 569 3754 metricae:
594 3687 766 3754 collatione
790 3687 966 3755 aChristio
989 3688 1086 3775 lama,
1109 3711 1191 3775 quae
1214 3687 1359 3753 Dresdae

212 3799 373 3881 servatur,
404 3793 653 3860 Lindemannus.
699 3792 847 3860 Breviter
874 3793 913 3860 da
936 3817 974 3860 eo
1004 3794 1070 3861 diri
1093 3793 1132 3862 de
1156 3795 1231 3860 crisi
1254 3794 1359 3862 Plaut.

210 3927 242 3989 p.
268 3905 330 3969 172
346 3925 393 3989 sq.
418 3903 474 3984 [=
489 3899 606 3986 Opuso.
629 3900 708 3985 phil.
731 3900 764 3966 II
788 3924 819 3987 p.
843 3902 885 3967 23
901 3905 972 3988 sq.].
1031 3894 1036 3906 ’

301 4060 331 4129 G
364 4061 576 4128 Vaticanus
611 4061 696 4127 1629
729 4060 915 4126 fabularum
947 4061 1080 4147 viginti,
1119 4060 1358 4145 antiquioribus

209 4171 354 4236 numeris
374 4171 439 4236 ‘190
458 4173 492 4234 et
512 4169 597 4236 1889
616 4163 765 4253 notatus,
788 4169 916 4234 saeculo
934 4167 996 4234 XV
1012 4167 1152 4251 scriptus
1171 4167 1206 4232 in
1228 4183 1358 4234 cccmn

211 4277 408 4344 membranis
443 4278 566 4344 formae
600 4275 772 4358 maximae,
807 4296 959 4342 versuum
991 4276 1025 4340 in
1057 4275 1195 4360 singulis
1227 4275 1358 4361 paginis

210 4402 312 4469 xxxr,
342 4386 376 4450 in
407 4383 599 4450 Trinummo
629 4381 889 4469 Truculentoque
926 4383 1052 4468 aliquot
1078 4380 1160 4446 folia
1187 4403 1356 4467 perperam

210 4489 348 4556 traiecta
380 4491 515 4558 habens.
560 4489 599 4555 In
630 4489 695 4555 fine
728 4489 847 4577 legitur
880 4487 993 4556 ‘Liber
1029 4487 1157 4556 Poeuu
1192 4489 1357 4556 secretarii
