3306 5070
714 448 868 496 ausano.
1301 433 1363 499 757

220 593 253 655 et
279 590 465 655 carissimus
495 589 667 656 Anussmvs
699 589 881 658 Basvnlvs
913 595 1025 656 noster
1055 591 1365 677 pervestigabamus,

219 696 335 762 defessi
365 700 472 761 autem
500 697 647 780 quamvis
674 694 840 762 fructuoso
871 696 1036 762 scrutandi
1059 699 1206 783 negotio,
1233 698 1365 782 refrige-

222 803 316 868 randi
338 801 565 886 recreandique
589 824 704 868 caussa
727 803 822 889 cippo
846 801 917 868 Sex.
936 803 1030 869 Atilii
1050 801 1165 870 Serani
1188 803 1364 871 insidentes

219 911 306 976 inter
322 913 435 995 potum
455 909 663 974 festivissime
683 909 986 975 confabulabemur:
1010 910 1177 976 recordare
1193 909 1365 977 Mantuani

218 1011 1365 1103 po'etaeearumquemachinarum,quassatiusfueritsilentiopremerc:

220 1125 389 1191 recordare
416 1124 586 1190 domestici
614 1124 717 1209 illius,
744 1147 808 1210 quo
837 1147 896 1190 nos
925 1146 991 1190 non
1013 1126 1160 1190 nolentes
1183 1125 1365 1210 coercebas,

219 1232 371 1317 carceris,
394 1229 605 1315 amplissimis
628 1231 757 1314 quidem
781 1232 939 1297 librorum
963 1232 1066 1316 copiis
1085 1231 1222 1315 stipatos
1246 1231 1363 1315 quibus

217 1339 382 1404 luculenta
409 1356 481 1402 rffll
504 1337 704 1402 bibliotheca
733 1320 866 1421 affluit,
880 1361 917 1402 ex
945 1339 1024 1404 urbe
1048 1341 1156 1402 autem
1173 1337 1363 1402 ‘discedendi

218 1445 370 1510 libertate
393 1445 443 1509 vel
467 1444 597 1528 publiea
619 1445 811 1529 interposita
835 1446 1029 1511 auctoritate
1052 1441 1239 1530 privatos.*)

307 1550 371 1616 Pro
401 1554 453 1616 tot
479 1551 645 1634 tantisque
672 1569 750 1617 rvts
774 1551 813 1617 de
841 1575 891 1617 me
920 1551 1045 1618 meritis
1073 1551 1134 1616 etsi
1165 1551 1271 1634 gratia
1294 1573 1361 1614 um·
1376 1570 1410 1610 1v

218 1679 314 1742 quam
347 1655 459 1721 referri
493 1657 620 1741 nequit,
652 1657 801 1723 habenda
837 1663 947 1723 tamen
981 1661 1074 1724 tanta
1107 1661 1171 1742 est,
1208 1659 1363 1742 quantam

217 1764 392 1829 maximam
422 1784 536 1846 capere
567 1765 694 1830 animus
727 1765 837 1846 possit.
883 1764 967 1830 Eum
996 1769 1104 1830 autem
1134 1786 1263 1828 sensum
1291 1786 1363 1828 cum

219 1870 327 1955 aliquo
350 1869 539 1934 testimonio
562 1870 671 1953 palam
694 1870 859 1935 declarare
882 1870 1007 1954 pridem
1028 1870 1256 1954 decrevissem,
1278 1892 1364 1936 nuno

217 1976 348 2041 mallem
380 1996 457 2040 sane
486 1975 609 2059 aliquid
637 1977 671 2040 in
699 1978 853 2061 promptu
884 1976 1013 2060 fuisset,
1047 1976 1133 2061 quod
1161 1975 1294 2059 propius
1323 1974 1363 2040 ad

219 2082 339 2148 Vestra
361 2079 518 2145 Italorum
547 2081 653 2146 studia
682 2082 849 2166 attineret,
877 2081 990 2166 quiin
1015 2081 1133 2146 artium
1156 2082 1362 2166 potissimum

217 2188 513 2273 antiquitatumque
528 2189 766 2284 amoenioribus
780 2188 978 2254 diverticulis
992 2188 1141 2254 habitare
1156 2189 1253 2274 soliti,
1274 2188 1362 2254 haud

216 2296 285 2361 fere
308 2295 453 2361 codicum
476 2295 697 2360 rimandorum
720 2296 972 2381 trectendeeque
994 2295 1227 2381 grammaticae
1251 2318 1363 2362 aman·

216 2403 335 2468 tissimi
370 2402 568 2468 exstiteritis.
618 2399 681 2467 Sed
708 2424 883 2486 parumper
915 2401 1093 2467 haesitanti
1126 2403 1269 2468 animum
1300 2402 1363 2468 hoc

217 2507 353 2592 addidit,
377 2508 461 2592 quod
481 2509 666 2593 argumenti
690 2508 819 2575 exilitas
837 2509 896 2574 illa
915 2511 948 2573 et
970 2509 1064 2574 facile
1088 2510 1233 2574 excusari
1252 2530 1362 2574 morae

216 2617 310 2700 fuga,
340 2618 372 2680 ot
398 2616 539 2680 fortasse
568 2615 640 2700 ipsa
668 2614 835 2681 voluntate
869 2615 1033 2701 animique
1061 2616 1247 2682 sinceritate
1277 2637 1361 2681 com-

216 2722 345 2808 pensari
375 2721 553 2786 videbatur.
599 2721 759 2807 Accessit,
789 2724 874 2807 quod
909 2723 943 2788 in
974 2745 1011 2788 eo
1042 2727 1154 2788 nostra
1184 2723 1362 2818 disputatio

218 2830 376 2916 scriptore
396 2832 556 2913 versatur,
576 2850 681 2913 quem,
699 2829 815 2914 quibus
835 2830 961 2896 obsitus
981 2834 1031 2894 est
1050 2829 1199 2895 sordibus
1219 2831 1362 2915 purgari,

217 2941 250 3002 et
280 2936 413 3001 liberari
443 2935 559 3020 quibus
598 2936 851 3004 obscuritatibus
883 2936 1013 3003 laborat
1043 2936 1164 3002 Vestra
1200 2937 1360 3021 imprimis

215 3043 349 3108 referat:
377 3045 414 3108 ut
441 3043 498 3127 qui
525 3043 560 3107 in
587 3043 666 3127 ipsis
694 3044 874 3130 originibus
903 3048 936 3108 et
959 3044 1056 3109 rebus
1080 3043 1181 3128 gestis
1204 3044 1360 3128 principis

216 3150 330 3215 Italiae
353 3149 444 3214 urbis
467 3148 670 3215 illustrandis
695 3171 827 3235 operam
849 3149 1019 3216 collocarit
1042 3172 1142 3215 suam.

304 3256 424 3342 Accipe
457 3256 558 3342 igitur
590 3279 653 3341 que
686 3279 738 3322 me
769 3257 889 3323 dudum
921 3256 1123 3323 assuefecisti
1155 3255 1360 3342 benignitate

216 3363 392 3448 levidense,
429 3363 514 3449 quod
547 3382 634 3448 nnn,
671 3365 720 3430 vir
752 3364 973 3450 dilectissime,
1012 3364 1116 3430 obtuli
1154 3363 1360 3448 dicatumque
1400 3367 1401 3370 ’

216 3493 286 3536 esse
319 3471 407 3537 volui
439 3471 678 3555 munusculum,
715 3492 829 3556 meque
861 3472 947 3556 quod
980 3469 1084 3537 adhuc
1114 3471 1220 3536 fecisti
1252 3493 1360 3536 amare

215 3598 323 3662 perge.
369 3578 541 3643 Praeterea
573 3599 668 3664 aegre
695 3577 779 3642 ferre
806 3578 888 3656 noli,
921 3577 1007 3662 quod
1035 3576 1074 3641 de
1102 3577 1248 3662 reliquis,
1277 3600 1360 3662 quae

217 3683 332 3770 adieci,
354 3683 450 3748 huius
470 3684 597 3767 opellae
616 3688 747 3749 nostrae
766 3684 922 3769 exemplis
942 3685 983 3750 ad
1005 3684 1180 3769 populares
1204 3684 1360 3769 quosdam

216 3809 304 3857 nvos
337 3791 535 3856 clarissimos
562 3791 824 3857 transmittendis
855 3814 919 3857 nou
948 3791 1070 3857 veritus
1100 3813 1170 3856 sum
1198 3809 1242 3855 vn
1272 3790 1359 3855 solli-

216 3897 329 3963 citare:
358 3896 398 3962 od
427 3895 660 3982 Ournauuvn,
691 3897 954 3982 Bnnrrvomvn,
985 3896 1170 3982 euenum,
1199 3896 1360 3982 Gaurvu,

216 4005 340 4069 Laevu
376 4002 648 4089 Mediolanenses,
683 4003 846 4070 anrtvn
883 4009 916 4069 et
958 4004 1170 4070 Mosemuvu
1207 4003 1360 4088 Venetos,

215 4109 479 4175 Fvnusnsrrvu
501 4109 709 4194 Patauinum,
732 4111 884 4195 Equitem
908 4129 954 4175 nn
978 4111 1110 4176 quena
1128 4110 1359 4176 Veronensem.

216 4215 350 4280 Praeter
381 4238 462 4300 quos
495 4239 568 4280 eum
605 4216 704 4282 etiam
735 4217 919 4282 Brancono
952 4214 1162 4300 Bononiensi,
1198 4215 1280 4300 Equ.
1312 4235 1358 4281 nn

264 4483 267 4490 ⁴
287 4460 313 4530 ⁴¹)
334 4459 418 4531 [Vide
437 4477 509 4530 quae
524 4461 558 4514 de
573 4461 627 4517 hoo
640 4461 765 4532 hospitio
780 4461 934 4517 Veronensi
949 4460 1121 4516 Itibbcolrius
1136 4459 1262 4515 narravit
1280 4459 1357 4514 vitae

216 4548 427 4605 ltitschelianae
446 4553 500 4607 vol.
521 4552 578 4621 lp.
599 4558 658 4608 222.
679 4551 708 4607 G.
726 4551 785 4624 W.]
