3318 5072
304 388 370 451 496
593 405 852 454 ΡκοωςαοΜΕΝΑ
877 407 923 452 os
948 407 1156 454 assicamus

305 553 341 612 ut
373 549 605 632 propemodum
639 550 866 616 inenarrabilis
899 549 1016 614 evadat
1049 554 1082 614 et
1114 555 1281 634 tamquam
1320 551 1452 616 elabcns

305 657 422 720 montis
445 657 585 720 acumini
609 655 703 727 facile
727 658 836 742 legum
859 657 1066 740 severitatem
1088 656 1207 722 eludat.
1247 655 1451 743 Quamquam

304 784 362 826 nac
386 785 423 826 ex
448 785 501 847 eo,
528 763 614 846 quod
641 764 745 827 multa
767 765 890 828 incerta
914 769 1003 846 sunt,
1026 764 1107 828 nihil
1130 786 1200 829 esse
1225 769 1346 829 certum
1376 787 1451 829 con·

305 870 464 953 sequitur,
491 891 550 934 nec
578 869 617 932 de
645 870 779 934 incertis
808 870 903 934 citius
931 870 1166 954 desperandum
1196 875 1247 934 cst
1270 872 1311 934 ad
1334 872 1449 954 proba·

305 977 403 1040 bilem
426 977 586 1041 rationem
610 976 806 1042 revocandis.
844 975 958 1061 ltaque
982 979 1080 1041 etiam
1104 977 1191 1041 alind
1211 977 1364 1063 quiddam
1383 1001 1450 1044 non

304 1085 427 1166 tacebo,
449 1085 488 1148 de
508 1107 571 1168 quo
591 1084 678 1148 ultra
697 1084 914 1168 quaerendum
935 1107 1005 1149 esse
1024 1085 1159 1149 videam.
1197 1083 1282 1148 Nam
1301 1085 1387 1152 Trin.
1408 1086 1448 1150 91

304 1193 373 1276 ubi,
397 1193 453 1276 qui
477 1193 556 1256 sint
580 1191 676 1256 amici
700 1196 733 1254 ct
756 1192 811 1275 qui
835 1191 1043 1256 videantur
1065 1195 1206 1274 tantum,
1235 1196 1452 1276 opponuntur,

304 1321 376 1362 cum
401 1321 468 1364 non
491 1300 749 1364 ammiratione
773 1299 858 1382 quod
877 1299 1074 1382 vulgabatur
1092 1298 1174 1362 Sunt
1195 1299 1270 1380 quo‘s
1291 1301 1352 1363 acro
1375 1300 1453 1363 e'ssc

304 1409 432 1489 amicos,
459 1412 532 1470 sunl
558 1427 634 1488 quos
663 1407 812 1487 suspicor,
841 1411 949 1470 tamen
977 1405 1073 1470 facilc
1098 1405 1237 1470 sentitur
1259 1406 1357 1470 etiam
1381 1427 1452 1470 ner·

304 1513 414 1578 vnaius
438 1515 503 1578 vim
532 1512 768 1577 contrariorum
792 1512 896 1576 efferri
921 1512 967 1575 sic
995 1512 1101 1577 verbis
1132 1535 1204 1576 cum
1234 1512 1451 1578 Ambrosiano

189 1645 290 1685 cccxx
305 1619 476 1685 ordinatis:
508 1619 591 1684 Sunt
620 1619 695 1700 quo's
722 1620 783 1683 scio
810 1620 925 1682 ammos
951 1619 1077 1702 dssc*),
1104 1625 1178 1683 mant
1204 1639 1279 1700 quos
1305 1621 1450 1701 sarpam.

303 1723 402 1791 Cuius
434 1726 480 1791 rei
509 1726 536 1789 si
565 1748 646 1812 quae
674 1747 787 1790 caussa
815 1726 858 1789 sit
886 1727 1075 1810 quaesieris,
1108 1747 1173 1790 non
1207 1726 1333 1790 videtur
1362 1725 1450 1790 aliud

304 1832 490 1916 responderi
518 1853 627 1916 posse,
654 1833 718 1896 nisi
746 1832 833 1916 quod
862 1832 1030 1916 aliquanto
1058 1832 1131 1914 plus
1160 1832 1332 1916 gravitatis
1360 1831 1450 1913 prior

304 1961 400 2023 quam
426 1938 529 2004 altera
552 1940 634 2004 arsis
658 1940 810 2023 cuiusque
830 1939 978 2022 dipodiae
998 1938 1125 2003 habeat.
1162 1939 1207 2004 Et
1225 1938 1363 2004 fortasse
1382 1959 1448 2002 non

304 2046 401 2110 aliam
426 2047 467 2110 ob
491 2067 636 2110 caussam
661 2044 749 2111 Tria.
774 2069 802 2109 v.
825 2046 869 2110 95
892 2049 1006 2129 poetae
1030 2045 1110 2109 haec
1134 2045 1304 2110 collocatio
1327 2045 1451 2128 placuit

303 2153 340 2216 Si
361 2155 438 2236 quid
458 2155 517 2218 scis
540 2175 587 2217 mc
608 2153 714 2234 secisse
737 2155 842 2218 inscite
864 2158 920 2216 aut
943 2153 1077 2233 improbe
1099 2174 1175 2236 praa
1199 2174 1237 2216 ea
1261 2175 1359 2236 quam
1382 2175 1448 2216 non

304 2261 401 2323 mirer
424 2261 451 2324 si
476 2261 547 2344 quis
572 2264 737 2344 praestare
757 2259 885 2324 dixerit:
910 2259 947 2324 Si
968 2262 1045 2341 quid
1064 2262 1170 2341 secisse
1191 2263 1250 2324 scis
1272 2281 1320 2324 mc
1343 2262 1450 2324 inscito

302 2373 358 2430 aut
377 2368 522 2450 improbe,
545 2372 580 2430 ut
604 2388 667 2450 qua
691 2367 799 2450 aptius
819 2368 1040 2450 supprimatur
1059 2369 1139 2432 satis
1160 2368 1254 2432 exilis
1278 2388 1326 2432 mc
1347 2368 1448 2432 notio.

304 2473 507 2557 Quamquam
535 2475 646 2538 cadem
675 2496 751 2538 sane
779 2475 878 2538 ctiam
909 2476 955 2540 sic
983 2479 1068 2540 recte
1097 2476 1277 2540 delitescet:
1309 2475 1347 2538 Si
1373 2477 1450 2557 quid

303 2579 557 2660 madefecisse
580 2632 586 2644 .
612 2631 618 2644 .
642 2631 680 2644 ..

756 2831 868 2878 sarva
892 2815 994 2880 XVII.

391 2955 596 3020 Paenultimo
630 2957 735 3040 capite
767 2957 806 3021 dc
839 2958 1069 3023 vocabulorum
1106 2956 1219 3022 formis
1252 2957 1304 3043 egi
1341 2963 1446 3022 certos

303 3063 399 3146 pedes
423 3064 575 3127 metricos
604 3065 831 3149 aequantibus:
860 3069 1005 3148 superest
1033 3069 1069 3128 ut
1097 3064 1135 3127 dc
1164 3065 1243 3148 ipsis
1274 3064 1446 3129 matricis

303 3169 462 3252 pedibus
491 3169 630 3252 dicatur,
658 3193 795 3255 quorum
823 3172 1057 3256 compositione
1081 3193 1193 3236 versus
1223 3171 1311 3236 fiunt.
1357 3171 1447 3248 Quae

302 3294 423 3358 genera
446 3297 517 3339 cum
542 3276 731 3361 plerumque
755 3278 925 3342 nonsatis
949 3278 1041 3345 inter.
1064 3301 1096 3340 se
1124 3279 1382 3364 distinguantur,
1409 3278 1448 3341 fit

302 3387 339 3444 ut
365 3383 470 3446 multa
497 3381 535 3446 de
563 3385 698 3467 pedibus
727 3386 967 3468 praecipiantur
991 3389 1027 3450 ut
1049 3386 1101 3450 rel
1125 3408 1197 3450 raro
1222 3385 1372 3450 admissis
1395 3386 1447 3450 vel

302 3509 435 3570 prorsus
466 3489 591 3573 vitatis,
624 3513 705 3575 quae
734 3491 768 3554 in
799 3492 886 3558 solas
916 3492 1148 3557 vocabulorum
1179 3491 1299 3557 formas
1330 3491 1448 3556 cadant

304 3617 358 3659 eos
377 3595 474 3678 pedes
495 3602 679 3679 aequantes.
717 3597 815 3663 Velut
834 3621 906 3663 cum
930 3600 1086 3682 plurimas
1110 3601 1275 3666 cautiones
1298 3599 1333 3662 in
1357 3599 1447 3662 iam-

302 3701 401 3765 bicis
431 3703 600 3767 senariis
629 3703 747 3768 habere
771 3705 977 3788 anapaesti
1007 3729 1084 3769 usus
1109 3705 1237 3769 dicitur:
1265 3693 1356 3789 pedis
1379 3705 1446 3789 qui·

301 3809 372 3872 dena
398 3809 596 3894 anapaestici
620 3833 697 3875 usus
721 3813 955 3896 propemodum
980 3812 1086 3876 nullas
1111 3811 1223 3896 habet,
1254 3813 1350 3897 longe
1374 3833 1445 3898 gra-

300 3917 451 3981 vissimas
475 3917 704 3984 vocabulorum
725 3920 1015 4002 anapaesticorum,
1038 3940 1155 4002 casque
1174 3918 1241 3983 fere
1260 3941 1445 3984 communes

301 4047 373 4088 cum
402 4023 648 4107 spondiacorum
672 4047 745 4088 usu:
774 4025 860 4109 quod
888 4028 1002 4090 contra
1030 4025 1190 4090 latissime
1214 4027 1326 4110 vagari
1351 4049 1446 4110 spon·

300 4131 384 4196 diaci
411 4131 501 4215 pedis
530 4132 714 4197 libertatem
744 4133 829 4196 inter
857 4154 970 4198 omnes
998 4135 1137 4198 constat.
1183 4131 1229 4196 Vt
1251 4156 1317 4199 non
1342 4133 1445 4217 magis

301 4239 457 4322 exemplis
477 4261 558 4323 opus
578 4240 621 4304 sit
639 4239 757 4323 quibus
777 4243 999 4323 anapaestum,
1017 4261 1115 4324 quarn
1134 4239 1251 4324 quibus
1266 4239 1446 4323 spondeum

300 4343 454 4410 doceatur
473 4369 492 4410 a
511 4345 602 4409 nulla
624 4367 735 4410 versus
758 4349 850 4428 parte
875 4369 1026 4430 umquam
1047 4347 1209 4410 exclusum
1230 4367 1299 4410 esse
1318 4347 1446 4429 praeter

390 4518 414 4582 ²)
435 4519 534 4588 l‘quod
553 4535 609 4573 non
627 4519 762 4574 debebam
783 4519 921 4587 probarc.’
943 4521 1044 4590 Trin.²]
