3338 5072
540 446 806 495 nnnnnn‘norns
830 447 1039 494 rnnvmnnn.
1285 431 1361 524 *377

221 589 372 674 graviore
395 591 512 658 mendo
536 592 633 656 cubat
655 590 740 656 Men.
762 589 805 676 ΙΙ,
829 591 859 674 3,
882 591 934 657 84.
958 627 1000 637 —-
1024 589 1073 655 De
1097 595 1245 677 correpto
1269 593 1364 658 sinete

220 695 281 761 etsi
305 696 450 782 dubitari
473 699 594 784 nequit,
616 696 920 764 tamenTrinnmmi
944 698 1074 783 quidem
1092 720 1121 763 v.
1136 697 1201 765 218
1226 722 1242 765 e
1266 700 1363 765 libro·

220 825 292 868 rum
320 805 478 870 memoria
506 807 587 871 unde
612 807 763 889 quidquid
784 805 896 870 eodem
920 806 1005 889 iure,
1032 828 1096 890 quo
1123 807 1205 871 unde
1231 807 1362 889 quidque

220 909 278 974 alii
293 910 354 992 [sic
367 909 492 995 Trin‚']‚
515 935 575 979 nos
599 913 764 978 effecimus
784 933 857 976 cum
877 910 1042 998 Scaligero
1064 914 1151 978 rendit
1167 914 1251 994 quid,
1274 914 1361 997 quod

219 1018 253 1082 in
280 1016 360 1082 illud
388 1039 454 1084 non
482 1020 545 1084 alio
574 1041 681 1085 errore
710 1019 843 1085 transiit
871 1041 968 1105 quam
997 1042 1060 1104 quc
1085 1021 1119 1084 in
1142 1020 1360 1108 Ambrosiano

219 1140 477 1202 QUISQUISQUAM
500 1148 559 1210 pro
582 1128 745 1210 quispiam
768 1125 925 1211 scriptum
949 1128 999 1190 cst
1020 1147 1049 1190 v.
1073 1125 1197 1191 519.-
1224 1124 1360 1213 Correp-
1375 1148 1500 1190 cxxenr

217 1233 416 1296 tumentes
438 1254 503 1297 non
526 1255 596 1298 esse
619 1233 861 1300 sollicitandum
884 1232 1030 1298 intellexi
1049 1255 1078 1298 v.
1096 1233 1178 1297 1101
1202 1233 1256 1298 se'd
1276 1235 1361 1300 nne

219 1339 357 1405 ncrrabo‘
378 1339 433 1404 tibi
455 1339 500 1404 Et
522 1339 578 1406 lw'c
600 1347 628 1406 et
649 1340 729 1406 alic:
762 1340 818 1405 ubi
842 1340 914 1424 ipsa
937 1339 1021 1404 ratio
1044 1340 1225 1405 sententiae
1249 1345 1283 1406 ct
1304 1363 1360 1407 na-

219 1446 324 1511 tivum
354 1467 455 1531 genus
485 1446 639 1530 loquendi
670 1448 833 1513 inversum
863 1446 1009 1511 ordinem
1038 1448 1092 1512 sed
1112 1447 1247 1514 narrabo
1276 1449 1361 1514 intua

220 1553 276 1618 eci
297 1552 431 1637 respuit,
454 1553 549 1638 plane
573 1557 610 1619 ut
633 1553 750 1619 Militis
773 1551 831 1638 111,
857 1554 884 1637 1,
910 1553 966 1619 18:

307 1692 370 1759 scd
401 1696 478 1761 uolo
512 1697 607 1781 scire,
640 1697 752 1762 ecde'm
784 1695 937 1779 consilio,
968 1696 1054 1781 quod
1087 1697 1175 1763 intus
1211 1698 1363 1766 meditati

1068 1826 1191 1870 sumus:

218 1945 273 2011 ubi
298 1946 337 2011 ad
360 1946 513 2032 loquendi
536 1947 801 2012 consuetudinem
823 1951 857 2012 et
877 1947 1069 2013 facilitatem
1088 1947 1246 2012 sermonis
1266 1948 1359 2014 valde

217 2053 297 2118 dura
325 2057 375 2118 est
403 2075 500 2138 qnam
528 2053 695 2119 Acidaliae
724 2053 970 2120 collocationem
998 2054 1171 2120 verborum
1199 2075 1360 2120 commcn-

217 2160 317 2226 dabat
343 2161 425 2242 quod
450 2161 592 2225 meditati
618 2161 704 2226 intuo
731 2181 847 2225 sumna.
892 2160 1045 2246 Ergone
1069 2161 1107 2225 de
1131 2159 1359 2245 Casinaequi-

217 2266 290 2331 dem
315 2288 410 2331 versu
433 2265 491 2349 ΠΙ,
510 2267 540 2350 3,
560 2268 603 2332 24
626 2267 851 2351 dubitandum,
874 2266 952 2352 quin
975 2272 1063 2333 recte
1086 2267 1172 2352 libri,
1196 2269 1295 2332 etiem
1318 2268 1360 2351 A,

215 2373 315 2438 talem
339 2371 526 2440 exhibeant:

305 2515 381 2582 Itu
405 2517 503 2602 etque
527 2538 653 2582 arcesse
676 2517 783 2582 illam:
808 2519 869 2601 e‘gc
893 2515 992 2601 intus,
1015 2517 1100 2603 quod
1124 2519 1247 2585 factost
1269 2541 1359 2604 opus·

217 2653 280 2722 Sed
305 2655 414 2724 Aulul.
436 2657 483 2743 ll,
507 2659 536 2744 8,
562 2659 602 2724 19
625 2681 740 2745 parum
763 2658 897 2744 sapiunt
919 2659 1064 2743 profecto
1088 2663 1144 2747 qui
1166 2667 1196 2728 ct
1216 2662 1360 2744 stepitua

215 2764 259 2828 e'st
280 2767 366 2830 intera
395 2766 635 2849 amplectuntur
657 2788 717 2850 pro
740 2771 770 2830 et
790 2767 948 2848 strepitust
969 2769 1066 2834 intua.v
1089 2806 1126 2815 -
1152 2767 1227 2835 Non
1252 2768 1358 2833 minus

217 2873 305 2935 certa
337 2870 486 2955 exempla
518 2875 683 2957 correptae
715 2872 815 2936 inter
846 2871 1098 2955 praepositionis
1130 2874 1212 2940 haec
1239 2874 1358 2940 habeto

216 2973 309 3062 Capt.
331 2976 394 3062 111,
417 2979 448 3062 4,
472 2977 523 3044 84.
560 2975 632 3044 Ges.
655 2976 695 3062 V,
718 2980 740 3043 4
761 2978 848 3044 init:

304 3117 399 3184 Nunc
426 3140 487 3205 ego
516 3119 601 3186 inter
629 3125 756 3186 sacrum
785 3143 961 3207 saxumque
984 3127 1035 3189 std
1059 3145 1118 3189 nec
1141 3125 1216 3210 quid
1240 3124 1358 3191 faciam

1067 3252 1143 3295 sero.

304 3331 399 3397 Nilne
423 3353 484 3418 ego
507 3333 592 3399 inter
615 3339 743 3399 sacrdm
767 3357 944 3420 saxumque
969 3341 1041 3401 sum
1062 3357 1122 3403 nec
1146 3360 1209 3423 quo
1232 3338 1358 3423 fugidm

1066 3465 1145 3510 acro:

216 3567 353 3631 quorum
368 3568 520 3612 versuum
538 3547 676 3613 invicem
695 3571 766 3614 sese
785 3549 962 3614 tutantium
982 3549 1067 3614 alter
1085 3573 1123 3616 ex
1138 3551 1358 3620 Ambrosiano

213 3653 342 3719 demum
365 3654 496 3739 prodiit,
519 3659 606 3722 recte
628 3656 731 3722 lectus
754 3657 795 3722 ab
819 3655 946 3742 Angelo
970 3656 1068 3723 Maio.
1112 3657 1358 3743 Imperitissime

214 3763 248 3827 in
281 3763 388 3848 priore
412 3759 551 3827 Bothius
584 3762 678 3828 Nunc
708 3784 760 3846 epo
792 3784 916 3828 sacrum
948 3765 1029 3830 inter
1054 3787 1235 3849 meumque:
1272 3788 1357 3834 nam

214 3869 366 3934 brevem
394 3869 566 3935 vocalem
595 3875 682 3936 ante
710 3876 851 3936 mutam
875 3893 957 3937 cunr
981 3872 1131 3956 liquida
1154 3894 1357 3957 numquam

213 3974 265 4039 vel
302 3974 388 4060 apud
425 3975 577 4041 Plautum
614 3976 666 4041 vel
703 3977 737 4041 in
775 3977 876 4042 veteri
913 3979 1005 4062 poesi
1041 3977 1234 4044 Latinorum
1271 4001 1357 4063 pro·

213 4080 299 4147 duci
327 4085 395 4146 tem
419 4085 470 4146 est
492 4103 552 4167 pro
580 4085 667 4148 certo
697 4087 730 4147 et
754 4082 922 4168 explorato
944 4083 1143 4168 habendum,
1176 4089 1212 4148 nt
1234 4083 1273 4148 de
1296 4084 1357 4148 hac

213 4187 342 4271 quidem
371 4211 406 4254 re
431 4189 564 4254 verbum
587 4210 653 4253 non
677 4188 817 4274 amplius
841 4189 1008 4255 additurus
1033 4190 1095 4254 sim
1118 4189 1152 4253 in
1175 4188 1227 4253 his
1251 4189 1355 4273 prole·
1370 4223 1470 4265 cmx

214 4291 407 4381 gomenis.*)
440 4293 527 4360 Satis
550 4293 651 4378 igitur
674 4294 827 4377 praesidii
849 4297 1000 4379 peratum
1024 4298 1075 4360 est
1092 4293 1276 4359 'l'rinummi
1291 4295 1354 4361 709

302 4469 327 4538 '1
346 4469 509 4526 Tenendum
527 4469 582 4525 hoc
601 4471 663 4524 erat
680 4469 710 4524 in
728 4485 825 4524 eornm
842 4469 1020 4540 potissimum
1033 4485 1164 4525 versuum
1177 4470 1355 4540 tractatione,

214 4555 244 4611 in
262 4556 363 4625 quibus
382 4575 462 4614 casus
482 4557 590 4637 obliqui
608 4575 673 4629 aper
690 4559 767 4614 vocis
786 4559 877 4615 locum
896 4559 1061 4628 habentui
1079 4563 1139 4614 560.
1150 4564 1210 4615 662.
1221 4564 1355 4615 687.700;
