3332 5074
290 377 356 442 434
577 395 838 447 nnoaacousss
863 397 910 446 na
935 397 1145 446 nariouravs
1268 367 1269 372 ’

288 539 506 622 interpunctio
530 545 639 606 tamen
659 542 813 626 sequitur.
844 541 959 629 Itaque
979 543 1040 608 etsi
1062 543 1152 608 nullo
1177 539 1309 626 negotio
1332 539 1434 603 trans·

188 673 269 714 cxcv
286 645 364 730 poni
389 646 496 712 111111
518 649 620 730 edepol
647 646 805 735 potuit*)‚
835 653 944 715 tamen
972 650 1013 714 ad
1037 651 1181 734 elapsam
1204 647 1314 732 potius
1338 645 1434 732 sylla·

287 754 362 818 bam
392 753 548 819 librorum
578 755 738 839 scriptura
765 760 820 820 tua
849 756 952 838 edepol
982 759 1129 840 spectare
1159 755 1229 819 visa
1261 759 1311 819 est
1343 752 1433 838 (nam

286 862 409 943 aedepol
437 883 496 945 pro
526 862 628 943 edepol
655 883 750 946 quam
779 862 932 946 frequens
956 861 1062 927 estin
1086 861 1222 927 noviciis
1246 861 1313 926 ΓΖ
1332 860 1435 942 libris,

286 971 353 1032 tam
378 967 484 1032 estin
508 968 652 1052 antiquis
676 967 850 1055 insolens),
878 991 895 1032 a
919 990 984 1054 qua
1007 973 1069 1032 tuto
1091 990 1164 1033 cum
1187 967 1307 1033 Bothio
1331 967 1433 1032 effeci·

285 1096 366 1139 mus.
412 1073 476 1138 Illa
498 1079 622 1156 autem,
644 1075 680 1139 a't
701 1080 790 1158 opast
812 1077 843 1139 te
861 1077 908 1140 ito
930 1096 1004 1154 csse,
1028 1075 1101 1158 ipsa
1124 1074 1174 1138 vis
1198 1073 1377 1140 sententiae
1401 1078 1434 1138 et

286 1183 366 1247 artis
393 1182 478 1246 ratio
507 1181 681 1267 flagitabat
707 1187 741 1247 ut
764 1182 810 1247 sic
834 1183 1070 1247 collocarentur
1093 1184 1220 1246 mutato
1245 1184 1379 1246 accentu
1399 1180 1435 1243 a

284 1294 374 1370 opust
403 1291 450 1354 111
479 1295 506 1353 te
535 1309 610 1354 csse:
655 1289 815 1374 reliquum
845 1290 946 1374 igitur
976 1292 1047 1353 erat
1076 1291 1114 1352 ut
1140 1290 1163 1352 d
1189 1283 1433 1372 adiceretur.**)

284 1393 440 1460 Eiusdem
468 1395 595 1461 litterae
626 1396 811 1461 adiumento
839 1395 959 1460 licebat
986 1396 1085 1460 tertio
1115 1415 1223 1479 versu,
1252 1417 1334 1479 quae
1362 1395 1433 1478 ipsa

285 1501 527 1566 construetione
542 1503 652 1568 iuncta
667 1507 751 1586 sunt,
770 1503 1010 1586 pronuntiando
1031 1524 1157 1587 quoque
1176 1505 1321 1567 coartare
1340 1501 1433 1566 istam

283 1629 348 1672 rem
380 1609 424 1672 ud
453 1611 523 1673 med
552 1608 772 1694 α1111111***);
811 1610 992 1695 elegantius
1028 1613 1139 1675 tamen
1172 1608 1277 1673 visum
1311 1612 1361 1673 est
1391 1609 1434 1672 ad

284 1735 332 1778 me
362 1715 463 1779 verba
494 1715 619 1780 intendi
653 1720 727 1780 ante
759 1737 824 1780 rem
854 1717 1024 1782 collocata
1069 1715 1222 1780 Dubitari
1252 1719 1362 1799 potest
1393 1714 1431 1778 de

284 1819 399 1886 Bacch.
423 1821 489 1887 430
513 1823 621 1903 [462]:

373 1962 495 2028 Verum
518 1964 683 2049 ingenium
707 1966 781 2049 phin
805 1966 934 2048 triptota
956 1965 1051 2030 dunis
1076 1965 1195 2030 maiust
1214 1985 1311 2049 quam
1330 1963 1432 2047 alteri,

284 2105 341 2170 ubi
363 2127 422 2170 nec
442 2110 510 2170 tam
529 2109 706 2194 commoda,
729 2130 827 2193 quam
852 2109 886 2172 in
910 2109 1035 2173 11111111
1057 2113 1147 2172 aucto
1169 2113 1316 2190 exspreto,
1340 2127 1431 2170 voca-

285 2203 435 2277 bulorum
463 2213 550 2279 inter
578 2237 612 2279 se
636 2218 894 2280 constructorum
923 2214 1095 2299 diremptio
1120 2217 1183 2299 est,
1212 2217 1246 2278 et
1269 2213 1431 2297 perfacilis

283 2321 496 2404 transpositio
519 2323 635 2386 maiust
656 2321 799 2407 111111)

371 2426 475 2491 Tanta
502 2427 603 2512 igitur
631 2449 704 2493 cum
732 2427 812 2513 fuga
839 2427 949 2492 hiatus
977 2429 1074 2494 fuerit
1096 2427 1355 2512 locupletissima
1378 2449 1430 2492 ex-

282 2533 448 2598 cusatione
475 2534 608 2618 muniti,
639 2535 754 2618 quibus
782 2535 913 2599 tandem
941 2535 1097 2600 machinis
1125 2558 1189 2600 non
1213 2533 1429 2599 excusabilem

281 2638 407 2704 hiatum
439 2646 548 2706 tamen
580 2641 748 2706 defensum
786 2641 873 2706 ibis?
924 2640 1056 2707 Scilicet
1093 2641 1179 2726 quod
1213 2664 1232 2705 a
1269 2663 1431 2706 caesura

281 2747 491 2830 tetrametris,
520 2747 603 2812 idem
631 2750 671 2814 ab
701 2749 813 2814 eadem
841 2770 976 2814 caesura
998 2748 1195 2832 praesidium
1222 2747 1352 2813 fuerunt
1376 2747 1430 2831 qui

281 2858 431 2936 paratum
459 2875 529 2920 esse
553 2854 720 2920 hiantibus
749 2855 886 2920 senariis
909 2855 1038 2920 vellant.
1084 2853 1156 2930 Qua
1189 2853 1430 2936 comparatione

281 2960 364 3024 nihil
388 2961 525 3046 cogitari
548 2962 685 3027 alienius
709 2966 826 3047 potest.
875 2962 968 3028 Adeo
995 2961 1080 3025 enim
1102 2960 1186 3025 nihil
1209 2959 1430 3026 similitudinis

281 3069 366 3131 inter
389 3070 559 3152 utramque
583 3090 749 3133 caesuram
778 3069 964 3152 intercedit,
993 3067 1078 3152 quod
1107 3066 1238 3150 quidem
1262 3065 1301 3129 ad
1325 3065 1427 3130 minu-

282 3171 399 3236 endam
428 3173 536 3237 hiatus
561 3173 772 3240 offensionem
796 3176 916 3258 valeat,
940 3178 977 3238 ut
1002 3172 1230 3238 diversissimis
1255 3172 1429 3257 generibus

282 3279 439 3344 discretae
467 3281 541 3344 sint.
588 3280 681 3357 Quod
709 3281 884 3346 discrimen
912 3286 998 3345 recte
1022 3283 1193 3345 senserunt
1216 3279 1270 3363 qui
1294 3279 1429 3343 alteram

281 3388 409 3449 tantum
443 3405 623 3472 caesuram,
660 3386 831 3452 diaeresim
865 3387 1001 3452 alteram
1034 3389 1203 3468 vocarunt,
1235 3407 1428 3470 quamquam

281 3513 340 3556 nec
367 3494 513 3556 veterum
543 3495 735 3559 auctoritate
765 3499 798 3558 et
827 3493 926 3558 aliam
957 3493 999 3557 ob
1029 3513 1177 3556 caussam
1208 3512 1280 3555 meo
1309 3491 1428 3556 iudicio

282 3619 349 3662 non
372 3598 452 3662 satis
475 3599 696 3682 probabiliter.
738 3599 800 3666 Sed
823 3601 862 3665 de
885 3600 1016 3666 nomine
1039 3603 1213 3681 utcumque
1237 3601 1371 3681 statues,
1395 3619 1430 3662 re

281 3703 435 3769 interesse
463 3705 637 3791 plurimum
667 3711 817 3792 apparet,
843 3729 955 3772 versus
983 3707 1140 3771 incisione
1167 3703 1277 3788 aliqua
1300 3706 1429 3771 ordines

175 3836 269 3878 cxcv1
282 3809 459 3892 rhythmici
482 3819 649 3879 serventur
672 3836 714 3878 an
737 3814 887 3879 consulto
910 3814 1117 3878 dissecentur.
1154 3810 1276 3888 Quodsi
1300 3833 1430 3877 servan·
1488 3869 1492 3878 .

281 3922 349 4002 tur,
377 3922 414 3982 ut
440 3918 475 3983 in
503 3921 700 3985 tetrametris
729 3921 893 4005 omnibus,
921 3918 1002 3983 nihil
1033 3917 1221 3983 offensionis
1245 3919 1296 3984 vel
1319 3918 1428 3984 hiatus

387 4151 413 4220 '·)
434 4149 493 4221 [Sic
518 4148 548 4202 in
573 4147 615 4202 ed.
641 4149 689 4204 alt
714 4147 885 4203 Ritscbelins
909 4163 972 4202 cum
995 4147 1090 4204 Reizio
1113 4147 1328 4215 Hermannoque
1348 4145 1426 4201 dedit

281 4239 443 4309 improbans
462 4253 547 4307 quam
566 4235 620 4290 hoc
639 4236 702 4292 loco
720 4237 815 4290 tuetur
832 4233 928 4290 Bothii
942 4235 1151 4307 coniecturam]

370 4324 412 4394 ³)
432 4325 484 4397 [Cf.
503 4325 578 4380 infra
595 4343 622 4395 p.
641 4338 738 4394 econ,
757 4324 827 4379 Nor.
848 4340 906 4379 exc.
925 4322 1016 4379 Plaut.
1037 4325 1048 4378 I
1067 4342 1094 4394 p.
1114 4324 1170 4394 47]

350 4413 408 4484 m)
428 4413 487 4485 [Sic
506 4413 648 4469 1111111.
668 4414 739 4469 Nor.
759 4429 817 4468 cxc.
836 4411 927 4468 Plaut
947 4415 1004 4483 lp.
1023 4414 1079 4484 41]

378 4504 406 4570 †)
426 4503 517 4572 [1111
535 4503 618 4556 annia
635 4505 738 4556 maiust
756 4499 786 4555 in
805 4501 927 4556 editions
946 4499 1026 4556 dedit
1043 4501 1236 4572 Bitschelins.]
