3266 5070
314 403 316 407 ·
391 395 466 442 uno
490 395 551 442 ms
575 393 759 442 nasrzsona
782 391 1099 440 pascuussruursn.
1280 371 1323 438 63

176 536 273 604 aliquo
293 536 454 590 enarratore
473 533 531 588 illis
550 550 619 603 opus
638 550 698 589 esse
713 532 851 600 rideatur,
870 531 894 585 ai
908 532 943 586 ab
957 531 1020 586 aliis
1035 529 1204 586 doctissimis
1219 528 1325 598 alioqui

177 623 337 679 hominibus
356 625 433 678 recte
452 625 482 677 et
499 621 633 677 inoffense
652 620 775 692 intelligi
793 621 922 676 debeant
952 619 1006 676 Sed
1025 620 1059 674 de
1078 619 1112 674 iis
1131 636 1184 689 ego
1203 619 1325 688 aurplius

177 713 293 768 verbum
311 713 436 768 facturus
454 728 510 767 non
529 729 604 778 sum,
623 729 657 779 ην
677 729 713 779 μη
732 727 773 764 τι(
792 727 882 778 ωεπερ
901 727 1014 778 (φεκιαν
1035 713 1128 776 βλιττη
1149 726 1193 762 και
1213 711 1323 776 optutu

178 801 226 873 [ἢν
251 803 288 870 μή
311 817 353 856 τι(
375 803 467 869 ὥςπερ
490 801 607 868 εφῃκιάν
633 799 727 869 βλίττῃ
747 801 791 854 καί
810 799 917 868 ἐρεθίζῃ
936 799 1004 854 oder
1022 797 1158 852 vielmehr
1178 797 1272 868 βλίττῃ
1292 813 1324 862 με

178 891 307 959 κάρεθίζῃ
327 914 361 936 -=
381 887 524 958 Aristoph.
544 888 658 956 Lysistr.
678 906 704 942 v.
725 893 783 942 4‘15.
823 887 851 942 O.
870 885 938 958 W.].

248 979 344 1034 Redeo
363 978 400 1032 ad
418 979 456 1048 te,
475 976 642 1047 Alexander,
660 976 709 1046 qni
727 976 757 1030 in
771 976 823 1031 hac
839 993 868 1032 re
882 991 934 1030 nec
948 976 1085 1032 monitore
1099 992 1151 1030 nec
1165 975 1324 1030 consultore

178 1085 253 1140 egea
290 1070 323 1122 In
342 1067 479 1122 Romulea
503 1064 577 1121 enim
600 1065 698 1136 lingua
716 1063 874 1136 effingenda
892 1065 1043 1134 diligenter
1061 1065 1264 1132 ediscendaque
1283 1080 1324 1119 se·

178 1157 244 1211 dolo
266 1155 373 1210 nemini
394 1157 507 1211 tucrum
532 1155 692 1224 aequalium
712 1155 801 1222 cedis;
834 1153 943 1208 Graeca
961 1171 1028 1209 vero
1045 1154 1087 1208 ita
1104 1152 1245 1209 foeliciter
1263 1152 1323 1206 imi·

177 1246 259 1313 teris,
286 1249 320 1300 ut
341 1244 480 1314 quottidie
504 1243 611 1314 aliquid
634 1247 665 1298 et
689 1243 794 1298 scribas
818 1246 848 1298 et
865 1244 955 1314 legas,
984 1243 1059 1298 unde
1076 1242 1201 1313 pleniore
1220 1243 1324 1296 haustu

178 1335 342 1390 dulcissima
365 1333 541 1403 eloquentiae
565 1332 669 1388 fluenta
698 1332 810 1387 haurire
833 1333 931 1403 possis.
973 1333 1065 1398 Quare
1088 1331 1131 1386 ita
1152 1334 1185 1385 ut
1206 1330 1324 1400 coepisti

178 1439 264 1494 perge
282 1440 367 1493 porro
383 1423 435 1490 ire,
455 1422 484 1476 id
503 1425 547 1478 est
564 1423 719 1478 ameniores
738 1422 846 1477 litteras
865 1421 1105 1490 humanitatisque
1124 1419 1229 1488 studia,
1248 1419 1323 1488 quod

181 1516 231 1567 tua
254 1513 354 1583 sponte
377 1511 461 1580 iacis,
489 1511 640 1581 percupide
663 1513 692 1565 et
714 1511 846 1566 alacriter
872 1510 1066 1580 complectere.
1108 1509 1186 1563 Nilril
1209 1507 1253 1564 cst
1274 1525 1323 1578 per

178 1601 262 1656 deum
286 1599 489 1668 immortalem,
516 1599 546 1652 in
569 1615 624 1668 quo
648 1599 690 1652 tui
709 1599 899 1668 praeceptoris
918 1597 1041 1652 animum
1059 1597 1170 1652 facilius
1189 1596 1325 1653 demereri

178 1691 275 1761 possis,
290 1707 376 1758 quam
391 1688 415 1743 si
429 1687 645 1758 flagrantissimo
660 1686 761 1756 studio,
780 1703 854 1754 cura,
873 1685 970 1741 labore
984 1686 1186 1756 diligentiaque
1200 1685 1322 1755 enitaris,

179 1781 211 1832 ut
228 1778 259 1832 in
277 1795 341 1834 eum
360 1777 452 1834 virum
471 1777 584 1845 evadas,
602 1777 633 1831 in
651 1793 733 1845 quom
751 1777 780 1830 te
799 1793 946 1831 evasurum
961 1775 1019 1831 iere
1033 1792 1129 1830 ornnes
1143 1778 1324 1846 augurantur.

181 1867 241 1922 Scis
266 1883 358 1936 quana
377 1866 491 1921 mirifice
514 1870 593 1920 tuam
616 1882 672 1920 non
694 1865 840 1935 vulgarem
859 1881 948 1934 neque
967 1867 1169 1935 pertractatam
1191 1865 1220 1918 in
1244 1864 1324 1919 bonis

178 1956 283 2010 litteris
307 1955 484 2025 capessendis
507 1953 672 2009 industriam
695 1957 743 2008 tuo
766 1953 841 2023 patri
860 1953 992 2023 Philippo
1012 1953 1180 2024 Dragatadio
1204 1953 1263 2009 viro
1282 1952 1324 2008 in·

177 2045 329 2115 tegerrimo
353 2045 383 2099 et
406 2044 594 2098 iureconsulto
617 2042 833 2113 prudentissimo
852 2042 963 2112 saepius
979 2043 1094 2112 scriptis
1114 2041 1183 2098 meis
1202 2041 1324 2097 insinua-

177 2134 265 2189 verim
284 2132 467 2201 iusserimque
483 2132 564 2187 illum
585 2133 809 2188 constantissima
829 2133 862 2186 de
882 2135 910 2188 te
929 2149 962 2187 ac
976 2132 1069 2187 studio
1084 2135 1133 2187 tuo
1147 2149 1231 2202 quam
1247 2131 1319 2202 opti·
1330 2129 1406 2186 tots*

178 2239 254 2276 mam
279 2223 309 2276 et
332 2221 517 2276 certissimam
537 2238 616 2291 spem
635 2221 746 2276 habere.
784 2221 838 2276 Tui
855 2221 978 2276 muneris
998 2221 1112 2276 omnino
1131 2221 1189 2276 iam
1207 2237 1267 2276 esse
1287 2222 1325 2276 vi·

178 2313 269 2380 detur,
288 2309 455 2378 Alexander,
474 2313 507 2365 ut
523 2310 607 2380 plane
625 2309 741 2378 efficias,
759 2328 794 2365 ne
813 2327 857 2364 mc
877 2309 948 2365 falso
967 2312 1038 2365 haec
1056 2309 1157 2366 dixisse
1172 2311 1324 2366 arbitretur

182 2402 212 2455 et
235 2417 271 2455 ne
293 2401 348 2454 hac
372 2415 434 2468 spe,
461 2399 490 2452 in
512 2416 597 2468 qnam
621 2416 674 2470 ego
699 2399 779 2454 illum
802 2416 866 2454 mes
889 2400 1116 2455 constantissima
1133 2399 1324 2471 predicatione

179 2490 267 2558 erexi,
290 2488 403 2542 demum
422 2488 572 2542 frustratus
592 2505 652 2543 esse
670 2488 807 2543 videatur.
846 2488 927 2555 Quod
945 2491 978 2544 ut
995 2489 1105 2558 sedulo,
1128 2489 1278 2560 diligenter
1297 2491 1326 2544 et

179 2580 310 2634 accurate
328 2575 426 2643 facias,
445 2593 501 2631 non
520 2577 611 2631 solum
630 2579 658 2632 te
678 2595 778 2632 moneo
797 2577 846 2632 sed
865 2580 895 2632 et
912 2579 1017 2648 hortor,
1035 2595 1131 2654 urgeo,
1149 2578 1272 2649 impello.

250 2666 366 2720 Interim
393 2682 460 2720 vero
489 2666 540 2720 bos
567 2665 683 2721 Luciani
712 2665 839 2737 dialogos
868 2666 1082 2723 iucundissimos
1108 2670 1137 2722 et
1162 2667 1326 2722 utilissimos

179 2758 256 2826 (sunt
279 2757 374 2810 autem
394 2753 502 2824 Scipio,
527 2753 724 2824 Scaphidium,
743 2755 905 2824 Palinurus,
924 2755 1020 2810 Virtus
1040 2759 1069 2811 et
1086 2755 1237 2825 Hercules),
1256 2772 1326 2824 quos

180 2844 312 2916 privatim
337 2843 390 2898 tibi
413 2842 557 2898 dedicatos
580 2843 610 2898 in
633 2861 714 2898 usum
733 2844 876 2914 publicum
898 2845 964 2913 edo,
988 2845 1139 2914 diliguntur
1160 2845 1237 2915 lege;
1269 2843 1326 2897 illis

179 2934 270 2989 veluti
295 2949 359 2986 curn
384 2931 551 3000 quibusdam
575 2931 777 2988 amantissimis
801 2931 1010 2988 convictoribus
1033 2937 1061 2988 te
1085 2932 1196 2988 oblecta
1218 2931 1326 2985 creber·

179 3024 258 3078 rime
296 3023 361 3076 Non
384 3020 440 3076 olei
460 3052 492 3061 -
512 3022 594 3076 crede
617 3021 687 3075 milri
707 3053 739 3061 -
759 3039 811 3076 nec
837 3038 938 3091 operae
961 3024 990 3076 te
1009 3021 1158 3091 penitebit,
1187 3021 1228 3074 its
1246 3037 1326 3074 aures

180 3113 245 3164 tuas
270 3111 382 3164 teneras
410 3109 503 3165 adhuc
528 3113 557 3164 et
582 3109 740 3165 molliculas
763 3111 930 3166 suavissimo
954 3111 1077 3181 quodam
1100 3109 1235 3165 sermonis
1258 3124 1326 3164 sono

179 3197 339 3268 implebunt
361 3200 391 3253 et
413 3215 463 3253 cra
488 3200 565 3253 certo
588 3199 689 3254 obtutu
712 3199 802 3254 delixa
825 3200 940 3268 soloque
963 3201 1085 3254 intentos
1103 3198 1212 3264 oculos,
1238 3185 1272 3252 ut
1297 3215 1326 3252 es

179 3287 399 3343 maiuscularum
422 3303 515 3342 rerum
538 3286 655 3342 mirator
678 3285 821 3359 egregius,
845 3288 1008 3358 aliquandiu
1031 3289 1176 3344 tenebunt.
1213 3287 1274 3352 Qua
1296 3303 1327 3340 re

180 3379 278 3432 autem
306 3376 462 3431 tenebunt?
503 3376 611 3445 Nempe
639 3393 733 3431 rerum
761 3377 922 3447 gratissima
949 3378 1101 3446 sarietme,
1128 3375 1327 3432 vocabulorum

180 3465 330 3536 splendore
349 3463 533 3534 nitidissimo,
559 3465 760 3520 sententiarum
784 3466 950 3537 gravissimo
970 3467 1092 3536 pondere
1112 3483 1145 3521 ac
1163 3463 1250 3520 totius
1269 3464 1327 3520 fere

181 3552 292 3609 lacialis
312 3552 417 3622 eloquii
436 3569 567 3623 expressa
584 3553 666 3611 facie.

253 3641 309 3697 Sed
333 3644 365 3696 ut
387 3658 451 3696 mea
474 3641 595 3711 epistole
613 3659 694 3697 suurn
713 3643 865 3713 aliquando
884 3661 1004 3715 pensum
1023 3645 1165 3713 absolvat,
1188 3645 1244 3700 iam
1263 3644 1327 3700 vale

181 3735 209 3788 et
230 3732 313 3787 bonis
336 3731 440 3787 litteris
464 3731 566 3786 acriter
589 3730 728 3787 incumbe.
765 3732 826 3801 Ego
845 3735 993 3802 preceptor
1016 3751 1050 3789 ac
1073 3733 1195 3789 monitor
1218 3734 1274 3787 tuis
1297 3731 1326 3786 in

181 3823 233 3876 hac
252 3837 283 3876 re
302 3819 449 3876 desideriis
467 3835 609 3888 nunquam
630 3819 729 3876 deerat
758 3837 810 3891 age
829 3825 861 3876 tu
880 3821 976 3890 modo,
998 3840 1033 3877 ne
1055 3822 1110 3879 tibi
1133 3821 1188 3893 ipsi
1207 3820 1326 3876 defuisse

182 3909 311 3965 ridearis.
348 3911 454 3964 Iterum
482 3909 546 3964 vale
574 3912 604 3964 et
632 3909 716 3964 salve.
755 3908 834 3979 Lipsi
863 3911 964 3966 octavo
992 3911 1133 3966 Kalendas
1161 3909 1327 3966 Decembres

181 4013 253 4053 auno
271 3999 377 4054 natalis
396 3997 550 4054 Christiani
568 3997 720 4054 millesimo
740 3999 964 4069 quingentesimo
984 3999 1092 4054 decimo
1111 3999 1202 4054 tertio.

737 4195 779 4264 ΙΙ.

251 4320 327 4378 erei
346 4319 440 4376 Brieie
458 4319 590 4376 Werler's
614 4337 650 4374 an
668 4317 807 4376 Wilibald
829 4317 1079 4388 Pirckh'eimer,
1097 4321 1273 4392 abgedruclrt
1297 4321 1326 4376 in

182 4408 205 4466 J.
220 4412 392 4468 Heumaun’s
404 4410 585 4466 ‘documenta
602 4407 729 4464 literaria
747 4410 817 4465 varii
836 4409 1228 4480 argumenti'(Altorfii1758)
1247 4413 1328 4466 auter

182 4499 215 4557 N.
233 4499 378 4556 xxxam
398 4518 425 4572 p.
445 4497 534 4555 cerff:
