3302 5076
617 421 853 469 nsrnrruscsn
876 420 1004 468 anons.
1316 403 1380 468 653

236 563 426 648 opinionum
453 563 602 628 tenebras
630 563 796 630 iusserunt
818 566 851 628 et
874 564 976 628 libero
1001 561 1118 627 iudicio
1143 561 1379 626 diversissimas

237 670 318 735 artis
340 669 462 735 lormas
486 671 647 754 suspicere
670 659 858 755 docuerunt,
881 690 963 755 quae
986 692 1052 734 unu
1075 690 1152 734 sane
1176 667 1279 752 pulcri
1298 671 1380 732 veri-

237 798 298 860 que
325 777 457 865 notione
486 778 736 862 comprehensae
764 777 931 843 varietatis
966 776 1096 862 quidem
1124 776 1204 841 fines
1237 775 1380 840 habeant

236 882 353 949 nullos.
400 883 492 960 Quod
517 906 590 948 cum
613 884 698 968 apud
723 885 867 949 animum
891 888 1095 968 reputamus,
1117 905 1183 948 non
1205 903 1378 966 possumus

237 989 315 1073 quin
339 990 407 1054 eins
431 991 492 1056 viri
515 990 732 1075 praesentiam
756 992 850 1056 nobis
874 991 1082 1076 gratulemur,
1108 990 1163 1074 qui
1186 988 1218 1078 in
1243 988 1302 1055 illo
1325 1009 1379 1072 ge-

238 1118 313 1162 nere
331 1096 482 1181 princeps
502 1079 598 1181 lbnge
617 1097 878 1181 praeclarissimo
898 1096 1054 1180 exemplo,
1077 1095 1152 1180 quid
1173 1099 1258 1160 esset
1275 1099 1378 1159 recte

237 1225 476 1288 comparare,
506 1205 712 1269 monstrarit:
745 1226 839 1288 quem
864 1204 890 1268 si
913 1204 1044 1268 nomine
1068 1201 1241 1287 appellem,
1270 1223 1379 1266 veren-
1394 1229 1415 1268 x

237 1311 314 1375 dum
339 1311 446 1377 sitne
470 1314 503 1374 ct
526 1311 590 1395 ipsi
613 1311 801 1397 displiceam
825 1315 858 1376 et
876 1311 1007 1376 edocere
1027 1309 1110 1376 velle
1129 1310 1241 1375 doctos
1261 1309 1380 1374 videar.

326 1415 421 1482 Nunc
444 1421 482 1483 ut
504 1440 542 1483 eo
566 1419 648 1483 unde
672 1418 802 1483 deflexit
826 1419 929 1484 oratio
953 1422 1142 1501 revertetur,
1166 1418 1289 1483 satisne
1312 1439 1382 1481 mu-

237 1526 323 1589 nisse
343 1525 432 1612 illam
452 1527 646 1591 sententiam
666 1525 932 1609 existimabimur,
955 1547 1018 1610 qua
1037 1524 1262 1589 abstinendum
1282 1545 1382 1608 prava

238 1653 349 1696 eorum
372 1632 554 1716 principum
578 1633 820 1716 comparatione
843 1632 1045 1716 dicebamus,
1077 1653 1213 1716 quorum
1243 1630 1381 1695 alterum

237 1739 362 1821 patriae
385 1761 450 1803 non
473 1740 646 1824 potestatis
670 1743 808 1824 tantum,
832 1740 888 1804 sed
912 1739 1027 1822 laudis,
1050 1739 1106 1804 sed
1124 1736 1270 1803 caritatis
1289 1736 1380 1802 here-

238 1845 310 1910 dem
334 1868 537 1930 veneramur,
566 1848 705 1911 alterum
733 1847 805 1930 piae
829 1849 1004 1931 grataeque
1027 1845 1201 1909 memoriae
1224 1843 1381 1928 religione

238 1951 334 2018 hodie
356 1953 515 2018 colimus?
562 1952 623 2029 Qui
654 1953 682 2017 si
705 1953 834 2019 diversa
861 1954 960 2017 etiem
983 1953 1018 2016 in
1041 1975 1079 2016 ea
1101 1954 1194 2036 parte
1218 1951 1299 2037 regii
1323 1952 1382 2016 im-

237 2059 320 2142 perii
344 2059 459 2123 sectati
482 2063 572 2142 sunt,
603 2081 686 2143 quae
715 2059 755 2124 ad
777 2081 836 2124 nos
861 2060 993 2144 propius
1018 2059 1171 2143 pertinet,
1203 2058 1238 2122 in
1262 2057 1381 2123 artium

238 2165 483 2250 litterarumque
516 2187 605 2250 cura,
638 2165 720 2230 nihil
748 2166 895 2251 prolecto
922 2166 997 2231 inde
1025 2187 1157 2230 caussae
1189 2167 1381 2248 repetemus,

240 2294 298 2336 cur
325 2272 426 2338 altero
456 2275 592 2338 alterum
623 2273 674 2338 rel
701 2274 971 2358 praestantiorem
998 2273 1174 2338 habeamus
1204 2272 1255 2337 vel
1285 2272 1380 2336 nobis

239 2379 403 2444 cariorem.
450 2379 498 2445 Ac
522 2385 598 2446 sunt
621 2380 670 2445 illi
694 2401 771 2445 senc
795 2381 895 2445 etiam
918 2380 952 2444 in
976 2378 1038 2444 hoc
1062 2399 1179 2464 genere
1202 2379 1295 2444 valde
1318 2379 1380 2443 dis-

239 2509 349 2570 pares:
381 2509 518 2570 quorum
549 2488 645 2570 alter,
678 2486 762 2572 quod
793 2487 976 2551 litterarum
1007 2486 1168 2552 suavitate
1199 2485 1380 2571 artiumque

241 2593 407 2659 dulcedine
440 2593 572 2658 mirifice
606 2593 739 2660 allectus
771 2597 862 2658 totus
895 2595 929 2658 in
957 2592 1023 2658 illis
1051 2593 1120 2676 ipsc
1149 2597 1199 2658 est
1226 2597 1260 2658 et
1287 2593 1381 2677 quasi

239 2700 377 2785 habitat,
399 2701 556 2785 praeclari
579 2700 702 2786 ingenii
723 2701 866 2765 studium
885 2704 918 2765 et
937 2723 1067 2784 operam
1087 2699 1202 2764 adeas
1222 2699 1382 2784 colendas,

241 2807 477 2890 sustentandas,
500 2806 736 2891 promovendas
760 2828 892 2891 prorsus
912 2807 1109 2891 singularem
1129 2807 1266 2892 confert3
1289 2807 1381 2888 alter,

240 2914 267 2978 si
298 2936 408 2978 verum
439 2914 589 2978 uolumus
619 2913 730 2998 fateri,
761 2936 827 2979 non
857 2935 911 2978 eas
942 2913 1165 2998 praecipuis
1195 2913 1228 2978 in
1259 2912 1390 2988 deliciis,

238 3021 363 3086 habens
393 3043 452 3085 nec
482 3021 579 3085 insito
608 3024 743 3086 naturae
775 3021 934 3086 desiderio
965 3020 1005 3086 sd
1034 3019 1224 3086 eruditionis
1251 3021 1381 3104 potissi-

240 3151 327 3194 mum
348 3126 454 3192 studia
473 3127 636 3213 abreptus,
659 3150 697 3192 ea
715 3130 824 3192 tamen
843 3127 928 3216 quod
948 3127 1111 3211 salutaria,
1135 3127 1221 3212 quod
1243 3126 1382 3192 honesta

240 3257 310 3300 csse
342 3233 558 3315 intellexerat,
591 3233 757 3316 amplexus
786 3235 849 3318 est,
880 3237 1036 3318 tantaque
1064 3237 1097 3298 et
1123 3233 1321 3299 liberalitate
1348 3239 1382 3300 ct

240 3341 443 3427 providentia
470 3341 607 3425 adiuvit,
640 3341 732 3425 quasi
762 3340 795 3405 in
822 3340 939 3405 intimo
964 3341 1036 3406 sinu
1059 3340 1192 3406 foveret.
1238 3341 1381 3417 Quorum

240 3451 389 3514 neutrum
413 3452 464 3513 est
487 3446 658 3531 eiusmodi,
685 3451 722 3512 ut
749 3469 864 3531 perse
888 3447 993 3512 solum
1017 3448 1061 3513 sit
1084 3451 1116 3512 et
1139 3449 1232 3513 unice
1255 3451 1382 3532 praeter

240 3554 379 3619 alterum
405 3554 623 3638 probandum,
658 3557 831 3639 utrumque
859 3554 907 3618 ita
935 3558 1172 3640 comparatum,
1203 3557 1253 3639 ut,
1285 3554 1381 3620 modo

214 3647 218 3656 ’
241 3660 321 3725 fines
346 3659 476 3745 quidam
500 3662 578 3727 certi
600 3683 641 3726 ne
664 3663 859 3748 migrentur,
888 3683 968 3746 quos
990 3662 1077 3727 ultra
1100 3663 1246 3748 citraque
1270 3662 1383 3748 nequit

241 3766 417 3832 consistere
440 3772 575 3852 rectum,
603 3767 765 3853 insignem
794 3767 914 3832 habeat
936 3769 1046 3852 regiae
1068 3769 1198 3835 virtutis
1221 3791 1382 3836 commen·

241 3872 412 3940 dationem.
456 3875 570 3960 Neque
599 3875 684 3940 enim
713 3875 764 3940 vel
793 3875 834 3940 ab
858 3875 962 3941 altera
983 3880 1076 3960 parte
1099 3877 1166 3942 ullo
1191 3877 1286 3944 modo
1311 3899 1381 3943 eam

241 3978 405 4046 doctrinae
427 3981 554 4047 laudem
579 3981 721 4046 affectari
740 3979 895 4065 videmus,
919 4004 1000 4066 quae
1023 3982 1134 4065 regiae
1157 3980 1326 4064 dignitatis
1350 3987 1382 4046 et

244 4088 490 4172 temperantiae,
513 4089 564 4152 vel
588 4108 644 4152 eos
669 4093 817 4173 sumptus
844 4088 1001 4173 impendi,
1032 4088 1086 4173 qui
1113 4087 1326 4171 aequabiliter
1348 4090 1381 4153 in

243 4215 354 4258 omnes
378 4195 520 4260 civitatis
543 4197 653 4277 partes
676 4193 810 4260 diffusae
834 4193 1124 4259 administrationis
1144 4193 1275 4258 modum
1295 4215 1382 4260 exce·

244 4298 336 4364 dent:
360 4323 418 4368 nee
441 4300 586 4387 profecto
608 4299 801 4365 Farnnarco
826 4299 1012 4366 Gvrnnnrro
1035 4299 1084 4364 III
1108 4321 1146 4366 ea
1170 4300 1280 4366 deerat
1303 4301 1382 4366 libc-

243 4407 320 4472 rulis
339 4408 512 4492 institutio,
531 4407 609 4493 quin
625 4407 745 4472 litteris
765 4410 897 4472 eatenus
915 4407 1059 4472 imbutus
1078 4406 1184 4490 fucrit,
1202 4411 1247 4490 ut,
1270 4409 1382 4492 quanti

243 4517 352 4578 essent
375 4513 602 4598 aestimandae,
625 4534 688 4596 qua
710 4513 836 4578 ratione
858 4512 1085 4600 sublevandae,
1108 4533 1203 4598 quem
1227 4514 1383 4579 adfinem
