3332 5074
322 373 388 438 436
612 389 873 437 rsorsoonsnn
898 390 945 438 os
969 389 1178 436 narronruvs

323 534 413 597 ratus
442 537 536 598 esset.
582 533 691 618 Atque
719 535 781 599 hoc
812 534 967 618 quidquid
996 537 1046 598 est
1073 532 1178 598 laudis
1207 532 1271 598 sibi
1299 554 1363 598 non
1393 537 1470 598 sunt

323 640 404 724 eripi
422 642 512 724 passi
526 640 766 706 Lindemannus
782 663 854 705 cum
869 641 936 705 suis
952 640 1218 725 congerronibus:
1238 661 1320 724 quos
1338 643 1466 724 postea-

322 767 419 829 quam
447 747 565 812 leniter
591 748 767 831 perstrinxi
789 746 892 814 Musei
916 747 1029 830 philol.
1052 745 1119 811 tV
1143 769 1163 810 a
1185 769 1216 829 p.
1244 747 1305 811 136
1337 746 1378 812 ad
1405 747 1467 812 142

323 849 380 938 (=
391 853 507 938 Opnso.
530 855 609 937 phil.
633 855 665 918 ll
688 855 930 938 p.211-217]‚
953 877 1038 919 nune
1061 855 1179 919 iterum
1202 852 1358 918 defricare
1383 854 1468 918 nolo.

322 959 358 1024 In
378 983 460 1044 quos
479 962 625 1044 apprime
649 961 845 1026 conveniunt
869 982 950 1046 quae
970 965 1045 1026 ante
1064 961 1124 1025 hos
1145 976 1239 1024 cxxu
1260 981 1363 1026 annos
1382 960 1469 1024 iusta

322 1067 558 1153 indignatione,
590 1072 624 1132 et
651 1074 761 1133 tamen
790 1067 913 1132 frustra
941 1072 978 1133 ut
1004 1090 1090 1133 nunc
1118 1070 1267 1152 apparet,
1299 1067 1468 1132 Bentleius

320 1175 560 1258 pronuntiavit:
599 1171 780 1238 ‘Nimirum
804 1175 837 1238 hi
860 1196 924 1239 non
955 1175 1041 1258 ipsos
1064 1177 1192 1259 poetas,
1220 1194 1285 1237 non
1309 1165 1413 1238 artem
1437 1179 1469 1236 et

321 1281 466 1364 rhythmi
490 1282 633 1367 genium,
656 1281 712 1346 sed
734 1281 886 1347 librarios
911 1281 975 1346 sibi
997 1282 1093 1347 duces
1113 1285 1258 1346 sumunt:
1283 1284 1315 1344 et
1333 1284 1384 1346 tot
1401 1278 1467 1344 fere

321 1387 523 1451 licentiarum
544 1388 667 1472 species
687 1387 749 1452 sibi
769 1389 905 1472 fingunt,
924 1394 1003 1473 quot
1021 1389 1055 1452 in
1074 1393 1145 1453 toto
1164 1387 1281 1453 Plauto
1301 1386 1467 1451 Terentio-

321 1514 383 1576 que
406 1493 544 1559 vitiosae
567 1491 721 1559 lectiones
749 1517 836 1560 nunc
862 1498 1004 1578 restant,
1027 1495 1145 1579 unique
1172 1495 1244 1560 loeo
1273 1495 1329 1578 qui
1358 1515 1466 1558 emen·

321 1598 447 1663 dandus
467 1605 546 1685 erat,
568 1622 607 1664 ex
626 1601 728 1666 altero
752 1623 853 1685 aeque
876 1601 1031 1667 mendoso
1050 1601 1266 1685 patrocinium
1286 1598 1466 1686 quaerunt?

321 1705 383 1782 Qui
401 1707 530 1791 quidem
550 1707 700 1792 viderint,
719 1710 826 1793 quise
846 1709 969 1774 civibus
990 1708 1057 1772 suis
1077 1708 1302 1773 commendare
1320 1707 1467 1791 potuisse

263 1841 265 1844 ·
321 1835 394 1878 eum
420 1818 550 1897 poetam
577 1815 698 1900 dicant,
722 1816 814 1881 cuius
837 1838 890 1880 ars
914 1837 986 1880 oum
1010 1818 1096 1879 vitae
1120 1837 1214 1879 usum
1238 1818 1271 1880 et
1293 1814 1466 1879 familiaris

321 1921 478 1986 sermonis
503 1921 768 1988 consuetudinem
791 1927 1059 2008 repraesentaret,
1082 1921 1163 1986 illud
1186 1925 1295 1987 temen
1315 1921 1466 2006 neglege-

320 2032 371 2092 ret
389 2029 473 2112 quod
490 2026 602 2095 Cicero
617 2028 704 2094 Orat.
723 2033 743 2111 ξ
762 2031 824 2094 152
847 2029 926 2094 dicit
950 2027 1048 2094 ‘nobis
1065 2049 1103 2092 ne
1120 2029 1149 2092 si
1166 2030 1327 2110 cripiamus
1344 2028 1465 2110 quidem

320 2135 488 2200 distrahere
510 2157 597 2200 uoces
619 2136 812 2200 conceditur?
984 2223 986 2228 Α

409 2239 470 2305 His
495 2247 602 2306 autem
626 2242 734 2306 verbis
757 2265 840 2326 quae
864 2243 1035 2308 continuat
1057 2241 1183 2308 Cicero:
1208 2241 1371 2306 ‘indicant
1395 2263 1465 2306 ora-

319 2346 425 2412 tiones
448 2347 523 2412 illae
547 2348 637 2432 ipsae
659 2348 846 2414 horridulae
870 2347 1018 2433 Catonis,
1046 2349 1191 2414 indicant
1214 2369 1326 2413 omnes
1349 2351 1464 2430 poetae

319 2455 448 2534 praeter
470 2473 540 2536 eos,
562 2454 618 2539 qui
641 2459 677 2518 ut
699 2477 829 2519 uersum
851 2455 995 2520 facerent
1019 2477 1115 2539 saepe
1137 2455 1288 2519 hiabant:
1321 2459 1358 2518 ut
1380 2451 1466 2518 Nae-

187 2585 306 2624 oxcvnr
320 2557 393 2622 uius
423 2558 481 2622 Vos
503 2561 558 2640 qui
579 2560 715 2623 accolitis
737 2561 885 2624 Histrum
906 2561 1042 2642 fluuium
1064 2567 1155 2644 atque
1177 2561 1323 2644 alpidorn
1346 2563 1379 2623 et
1403 2559 1462 2623 ibi·

320 2663 393 2728 dem
421 2665 522 2746 &eom
549 2687 720 2747 numquam
746 2667 833 2731 uobis
857 2667 951 2732 Graii
978 2672 1068 2749 atque
1095 2667 1228 2732 borboni.
1274 2669 1311 2730 at
1338 2663 1464 2729 Ennius

320 2771 420 2836 semel
443 2771 548 2854 Scipio
570 2775 692 2838 inuicte.
738 2778 775 2850 et,
797 2772 926 2857 quidem
948 2794 1008 2837 nos
1032 2773 1102 2838 Hoc
1124 2779 1208 2838 iaetu
1230 2773 1387 2836 radiantis
1408 2776 1463 2834 ete·

317 2880 383 2944 sabe
405 2881 440 2942 ia
462 2881 547 2945 uado
568 2882 668 2963 poeti.
714 2880 776 2944 hoo
803 2878 890 2944 idem
917 2881 1021 2945 nostri
1050 2880 1180 2964 saepius
1208 2900 1274 2944 non
1301 2878 1464 2961 tulissent,

318 2986 403 3070 quod
437 2985 552 3051 Graeci
584 2987 716 3052 laudare
750 2986 849 3050 etiam
881 2985 1016 3051 solent':
1053 2986 1132 3050 haec
1165 2985 1267 3070 igitur
1298 2983 1462 3049 Ciceronis

318 3093 419 3156 verba
442 3115 518 3158 cave
548 3115 589 3157 ne
613 3093 702 3156 omni
725 3092 796 3176 lege
821 3091 936 3156 solutis
959 3091 1107 3156 versibus
1130 3091 1292 3156 Plautinis
1317 3094 1350 3155 et
1372 3091 1463 3155 bisn-

317 3199 400 3263 tium
423 3199 584 3265 vocalium
609 3197 815 3263 multitudine
839 3197 1039 3262 deformibus
1063 3198 1131 3262 ullo
1150 3197 1246 3262 modo
1265 3197 1464 3282 patrocinari

317 3301 458 3390 putes.*)
505 3303 551 3368 Et
573 3303 733 3369 Naevium
761 3305 891 3389 quidem
921 3305 994 3369 illos
1023 3305 1056 3368 in
1085 3304 1219 3368 senariis
1249 3303 1398 3390 (tragicis
1426 3309 1463 3368 ut

317 3411 463 3496 videtur)
496 3434 609 3476 revera
642 3410 812 3476 admisisse
843 3410 954 3475 hiatus
987 3408 1179 3476 credendum
1212 3432 1281 3474 esse
1314 3407 1463 3475 Ciceroni

317 3516 455 3584 videtur:
486 3518 617 3582 tametsi
641 3518 735 3582 facile
758 3517 865 3582 fuerat
887 3517 991 3582 vitato
1014 3517 1104 3581 hiatu
1130 3517 1269 3584 scribere
1293 3517 1462 3582 Gratiae

317 3618 422 3707 bis**)
446 3645 504 3687 nec
528 3623 715 3688 testimonia
739 3623 855 3689 desunt
877 3623 1010 3708 quibus,
1041 3646 1137 3708 quem
1162 3622 1323 3707 corruptis
1347 3621 1463 3689 codici-

316 3729 377 3793 bus
400 3729 466 3793 iam
491 3729 644 3795 Tulliana
668 3734 758 3795 aetas
781 3753 840 3795 usa
864 3727 918 3812 sie,
939 3729 1127 3795 doceamur:
1150 3733 1219 3794 tam
1243 3730 1328 3795 onim
1352 3729 1461 3794 insciti

316 3837 431 3918 poetae
461 3835 517 3900 ille
548 3837 754 3919 potissimum
786 3835 894 3901 hiatus
925 3840 975 3899 est
1005 3836 1059 3917 qai
1088 3837 1236 3914 eccelsiae
1270 3842 1306 3901 ut
1335 3836 1390 3921 qui
1422 3835 1461 3900 de

316 3942 431 4007 mendo
456 3942 636 4026 scripturae
660 3943 854 4028 suspicetur,
877 3963 944 4007 non
967 3942 1011 4006 sit
1034 3963 1083 4007 me
1108 3943 1211 4007 iudice
1235 3943 1458 4008 inclementius

421 4135 447 4206 *)
467 4135 519 4207 [Gi.
541 4135 611 4190 Nov.
631 4153 691 4194 exo.
710 4135 802 4190 Plaut
822 4135 834 4188 1
853 4153 880 4205 p.
903 4140 1013 4205 113sq.,
1037 4135 1085 4191 ubi
1104 4137 1179 4206 queis
1197 4138 1226 4191 et
1245 4135 1355 4190 &ateis
1374 4134 1460 4205 scrip·

315 4225 384 4280 sisse
403 4225 542 4279 Naevium
559 4225 693 4296 proponit
710 4223 902 4296 Bitschelins.]

404 4311 444 4382 ⁸*)
463 4312 537 4367 Nam
556 4329 589 4368 ex
608 4329 651 4381 eo,
670 4313 746 4382 quod
764 4313 836 4368 talia
849 4315 881 4368 ut
894 4313 967 4370 Grai
980 4313 1175 4370 Lachmaunus
1189 4328 1278 4383 nuper
1291 4313 1388 4368 docuit
1401 4329 1457 4368 non

314 4417 375 4456 esse
394 4401 480 4456 solita
497 4401 642 4456 elisionem
660 4403 729 4472 pati,
749 4401 864 4458 minime
879 4403 1060 4472 consequitur
1074 4405 1106 4458 ut
1118 4403 1179 4474 pati
1193 4401 1303 4458 hiatum
1317 4403 1377 4458 sine
1391 4401 1459 4458 sitis

315 4489 467 4544 offensione
486 4490 636 4561 potuerint
