3332 5074
553 399 814 448 nuaunarroms
838 398 1045 447 ruavrrran.
1304 381 1370 448 433

237 602 240 606 .
316 544 485 609 Postremo
505 544 618 629 edepol
638 546 699 630 ego
720 545 817 610 istam
836 561 903 608 rem
923 543 1029 610 adme
1051 544 1181 608 cittiuere
1203 545 1370 630 intellego.

315 633 438 735 [aitque
461 651 561 716 istum
584 673 644 738 ego
669 672 782 737 agrum
805 649 870 716 tibi
888 653 1022 734 relinqui
1044 652 1171 716 obeam
1190 673 1259 718 rem
1278 652 1370 716 enixe

865 761 1005 844 expeto]

314 866 496 950 Vapulabia
521 888 592 931 meo
615 867 770 932 drbitrutc
792 868 821 931 e't
843 887 1003 931 nouorum
1027 864 1193 931 aedilium.

316 971 402 1054 [Nisi
426 972 526 1037 etiam
549 972 693 1037 laborem
718 973 757 1037 ad
778 975 929 1038 damarim
951 973 1105 1056 cipporum
1124 971 1304 1057 epithecam
1324 971 1370 1038 in·
1386 996 1478 1038 cxciv

866 1081 985 1164 super]

314 1186 386 1252 Hae
410 1187 516 1252 souitu
540 1189 599 1252 ami
622 1187 704 1252 mihi
727 1207 846 1252 morcio
869 1187 1006 1252 obdunt
1027 1185 1238 1252 incommode.

227 1328 277 1392 Ex
306 1328 358 1392 his
387 1329 543 1414 exemplis
571 1333 640 1395 tam
669 1333 806 1413 certum,
829 1333 952 1395 utnon
976 1330 1082 1414 possit
1106 1329 1245 1394 autleni
1268 1331 1371 1392 muta-

226 1435 315 1500 tione
339 1437 507 1520 removeri,
528 1437 654 1501 nullum
678 1441 727 1501 est
751 1441 879 1526 praeter
902 1441 1039 1520 sextum,
1062 1437 1113 1500 cui
1138 1456 1198 1520 ego
1223 1435 1370 1520 quintum

227 1541 324 1625 socio,
347 1543 556 1627 quantumvis
579 1543 626 1609 ibi
649 1542 754 1608 facilis
779 1543 822 1606 sit
845 1543 1000 1608 arbitratu
1022 1563 1087 1607 meo
1105 1541 1371 1628 transpositio*):

227 1647 265 1712 de
287 1648 421 1734 reliquis
445 1650 596 1715 omnibus
620 1651 726 1715 varias
751 1651 793 1714 ob
813 1671 942 1715 caussas
962 1671 1032 1714 esse
1051 1649 1263 1714 dubitandum
1283 1655 1372 1732 puto.

228 1755 337 1841 Atque
366 1756 522 1840 septimus
551 1778 663 1822 versus
692 1780 749 1822 cur
775 1757 819 1822 sit
849 1758 917 1822 siue
947 1780 1040 1822 mora
1069 1757 1144 1822 hinc
1171 1755 1372 1842 relegandus,

229 1885 326 1946 supra
341 1863 434 1928 docui
449 1885 479 1946 p.
488 1879 581 1927 ccxx
590 1864 691 1944 [412]¹
716 1862 764 1928 De
779 1869 894 1949 quarto
913 1885 979 1929 non
998 1863 1189 1948 dubitarem,
1207 1864 1271 1928 nisi
1285 1863 1372 1928 aliud

229 1968 302 2052 ipsa
325 1969 470 2035 codicum
487 1969 628 2054 vestigia
647 1971 828 2054 suaderent,
846 1971 885 2034 de
905 1971 1022 2056 quibus
1041 1971 1372 2056 p.nxX11[329]dic-

225 2080 305 2141 tum.
329 2075 407 2166 Tres
422 2081 530 2141 autem
543 2077 666 2161 primos
682 2099 792 2142 versus
807 2098 891 2163 nego
906 2077 1010 2142 hiatui
1025 2077 1224 2143 admittendo
1239 2077 1371 2141 omnino

227 2185 279 2246 sat
302 2184 488 2249 commodos
513 2206 595 2250 esse:
619 2183 659 2248 ad
683 2205 778 2268 quem
802 2185 864 2251 etsi
887 2185 1019 2250 minime
1038 2184 1168 2269 requiro
1188 2185 1371 2268 graviorem

227 2289 369 2374 aliquam
392 2290 552 2356 orationis
575 2291 787 2375 institionem,
810 2295 921 2356 tamen
943 2291 1046 2356 altera
1069 2313 1107 2355 er
1131 2295 1223 2374 parte
1241 2312 1372 2356 consen-

226 2401 358 2461 taneum
387 2400 437 2461 cst
465 2417 645 2482 repugnare
668 2397 773 2462 hiatui
796 2399 816 2462 i.
840 2420 865 2462 e.
889 2399 1061 2463 cessationi
1087 2397 1176 2462 vocis
1200 2397 1282 2462 tales
1306 2419 1373 2462 vcr-

227 2504 342 2568 borum
366 2504 624 2568 constructiones
653 2505 959 2590 enuntiatorumque
989 2505 1276 2589 conformationes,
1304 2506 1372 2589 qui·

227 2610 287 2673 bus
312 2631 369 2674 eae
391 2609 481 2692 ipsae
506 2631 609 2688 voces,
632 2633 712 2696 quas
736 2610 936 2677 discriminet
958 2613 1077 2692 hiatus,
1101 2614 1242 2698 ligentur
1264 2613 1373 2696 potius

230 2719 264 2779 et
300 2715 473 2780 continuae
509 2717 785 2800 pronuntiationis
818 2720 1010 2785 necessitate
1045 2719 1236 2785 vinciantur.
1281 2717 1373 2784 Nihil

230 2822 387 2887 eiusmodi
411 2821 445 2886 in
468 2822 599 2906 reliquis
623 2824 674 2888 rel
692 2823 874 2889 Trinummi
898 2824 950 2889 vel
973 2825 1025 2889 his
1048 2823 1245 2891 Bacchidum
1269 2845 1372 2890 exem·

229 2929 290 3013 plis
314 2928 419 2993 hiatui
444 2929 565 2995 obstat:

315 3054 423 3154 ,itque
450 3076 577 3137 ecastor
605 3075 690 3157 a‘pud
719 3074 803 3140 hunc
832 3076 968 3157 fluuium
990 3075 1111 3158 dliqirid
1140 3075 1373 3160 perdundumst

869 3183 895 3248 ti
921 3183 943 3246 ἐ

317 3269 368 3351 lbi
392 3309 501 3371 cursu,
523 3287 741 3372 iucundum,
764 3290 854 3368 disco,
876 3183 975 3368 tilia,
999 3289 1159 3375 pugilatu,
1182 3289 1262 3374 pila:

318 3377 395 3458 indo
418 3393 458 3457 de
481 3394 695 3479 hippodromo
719 3397 753 3459 et
773 3397 935 3478 palaestra
962 3395 1092 3482 u'bi***)
1115 3397 1296 3462 reuenisses
1319 3396 1374 3466 do,-

763 3556 765 3561 .
867 3525 967 3568 mum:

321 3589 353 3668 lt
376 3606 534 3690 magister
556 3609 648 3691 quisi
673 3609 798 3674 luceru
820 3609 910 3674 dacto
934 3613 1085 3694 exspreto
1106 3608 1221 3675 linteo:

320 3695 405 3792 [itur
428 3713 517 3779 illinc
540 3715 610 3781 iure
633 3717 720 3780 dictu
742 3714 848 3780 uuae
869 3715 922 3780 bic
945 3719 1040 3801 pacto
1063 3719 1196 3801 potestzl

167 3887 173 3898 ·
229 3854 329 3919 immo
353 3855 523 3940 aptissima
545 3856 651 3923 hiatui
675 3879 744 3922 esse
767 3858 913 3923 membru
931 3859 1088 3924 orationis
1108 3863 1252 3944 apparet
1290 3856 1373 3924 Cou-

228 3965 280 4025 tra
299 3961 438 4047 dispesci
458 3968 485 4028 te
506 3965 552 4028 itu
575 3985 637 4030 esse
660 3968 693 4028 et
715 3969 750 4028 ut
771 3970 805 4028 tu
828 3965 930 4047 edepol
953 3987 991 4030 eo
1011 3967 1118 4031 minus
1137 3967 1265 4050 licebat,
1288 3966 1374 4050 quod

227 4066 309 4134 haec
331 4069 430 4134 verba
452 4069 634 4135 fortissima
657 4070 876 4155 interpunctio
900 4071 1080 4156 praecedit,
1102 4073 1160 4138 illa
1182 4073 1295 4156 lenior,
1318 4075 1374 4138 sed

229 4191 442 4202 ——...—

315 4242 341 4312 ⁸)
360 4246 428 4312 [meo
446 4245 606 4299 arbitraturi
624 4244 723 4314 ranst,
742 4245 777 4302 ci.
798 4247 870 4302 Nor.
889 4263 947 4302 exc.
967 4247 1061 4302 Plaut
1080 4247 1093 4300 l
1111 4264 1139 4317 p.
1159 4251 1213 4317 lb]

234 4354 238 4362 ·
299 4331 341 4404 **)
361 4333 414 4403 [cf.
433 4333 504 4389 Nor.
524 4349 582 4388 cxc.
601 4333 693 4389 Plaut.
713 4335 725 4388 l
744 4353 771 4403 p.
792 4337 846 4404 ca]

283 4420 343 4490 ***)
362 4422 432 4493 [sive
451 4422 516 4478 erebi
532 4422 590 4478 sire
604 4423 767 4492 pulcoctrad
784 4425 933 4495 proposuit
945 4425 1115 4480 ltitschelius
1129 4425 1230 4495 Opusc.
1249 4426 1319 4498 phil.
1335 4427 1374 4482 IlI

230 4527 256 4581 p.
277 4510 348 4581 141.]

283 4616 324 4654 rr.
342 4616 493 4654 amicarum
511 4619 647 4656 orreum
665 4620 690 4657 v.
1127 4609 1160 4658 28
