<?xml version="1.0" encoding="UTF-8"?>
<!DOCTYPE html PUBLIC "-//W3C//DTD XHTML 1.0 Transitional//EN"
    "http://www.w3.org/TR/xhtml1/DTD/xhtml1-transitional.dtd">
<html xmlns="http://www.w3.org/1999/xhtml" xml:lang="en" lang="en">
 <head>
  <title>
</title>
<meta http-equiv="Content-Type" content="text/html;charset=utf-8" />
  <meta name='ocr-system' content='tesseract 3.04.00' />
  <meta name='ocr-capabilities' content='ocr_page ocr_carea ocr_par ocr_line ocrx_word'/>
</head>
<body>
  <div class='ocr_page' id='page_1' title='image "./fridericiritsch07wachgoog_0380.png"; bbox 0 0 3338 5072; ppageno 0'>
   <div class='ocr_carea' id='block_1_1' title="bbox 543 409 1369 476">
    <p class='ocr_par' dir='ltr' id='par_1_1' title="bbox 543 409 1369 476">
     <span class='ocr_line' id='line_1_1' title="bbox 543 409 1369 476; baseline 0.005 -4"><span class='ocrx_word' id='word_1_1' title='bbox 543 425 810 473; x_wconf 74' lang='lat' dir='ltr'>annunffloms</span> <span class='ocrx_word' id='word_1_2' title='bbox 834 424 1045 475; x_wconf 76' lang='lat' dir='ltr'>Pnnvrmnn.</span> <span class='ocrx_word' id='word_1_3' title='bbox 1304 409 1369 476; x_wconf 81' lang='grc'>363</span> 
     </span>
    </p>
   </div>
   <div class='ocr_carea' id='block_1_2' title="bbox 222 567 1324 653">
    <p class='ocr_par' dir='ltr' id='par_1_2' title="bbox 222 567 1324 653">
     <span class='ocr_line' id='line_1_2' title="bbox 222 567 1324 653; baseline 0.004 -23"><span class='ocrx_word' id='word_1_4' title='bbox 222 569 331 632; x_wconf 90' lang='lat' dir='ltr'>autem</span> <span class='ocrx_word' id='word_1_5' title='bbox 354 587 466 632; x_wconf 85' lang='lat' dir='ltr'>versus</span> <span class='ocrx_word' id='word_1_6' title='bbox 489 589 555 633; x_wconf 93' lang='lat' dir='ltr'>non</span> <span class='ocrx_word' id='word_1_7' title='bbox 577 568 685 634; x_wconf 89' lang='lat' dir='ltr'>minus</span> <span class='ocrx_word' id='word_1_8' title='bbox 709 567 874 653; x_wconf 76' lang='lat' dir='ltr'>eleganter</span> <span class='ocrx_word' id='word_1_9' title='bbox 895 567 946 633; x_wconf 87' lang='lat' dir='ltr'>his</span> <span class='ocrx_word' id='word_1_10' title='bbox 970 569 1157 635; x_wconf 71' lang='lat' dir='ltr'>accentibus</span> <span class='ocrx_word' id='word_1_11' title='bbox 1181 569 1324 636; x_wconf 91' lang='lat' dir='ltr'>incedat:</span> 
     </span>
    </p>
   </div>
   <div class='ocr_carea' id='block_1_3' title="bbox 337 691 1369 889">
    <p class='ocr_par' dir='ltr' id='par_1_3' title="bbox 337 691 1369 889">
     <span class='ocr_line' id='line_1_3' title="bbox 337 691 1369 780; baseline 0.005 -23"><span class='ocrx_word' id='word_1_12' title='bbox 337 691 514 760; x_wconf 82' lang='lat' dir='ltr'>Faotdmst.</span> <span class='ocrx_word' id='word_1_13' title='bbox 541 731 580 740; x_wconf 90' lang='lat'><em>-</em></span> <span class='ocrx_word' id='word_1_14' title='bbox 605 693 651 760; x_wconf 90' lang='lat' dir='ltr'>Vt</span> <span class='ocrx_word' id='word_1_15' title='bbox 677 693 806 780; x_wconf 86' lang='lat' dir='ltr'>quidem</span> <span class='ocrx_word' id='word_1_16' title='bbox 835 693 915 760; x_wconf 89' lang='lat' dir='ltr'>illud</span> <span class='ocrx_word' id='word_1_17' title='bbox 937 696 1077 780; x_wconf 73' lang='lat' dir='ltr'>perierit</span> <span class='ocrx_word' id='word_1_18' title='bbox 1100 731 1144 744; x_wconf 91' lang='lat'><em>-</em></span> <span class='ocrx_word' id='word_1_19' title='bbox 1171 695 1307 762; x_wconf 80' lang='lat' dir='ltr'>Factum</span> <span class='ocrx_word' id='word_1_20' title='bbox 1335 695 1369 762; x_wconf 85' lang='lat' dir='ltr'>id</span> 
     </span>
     <span class='ocr_line' id='line_1_4' title="bbox 1022 807 1192 889; baseline 0 -21"><span class='ocrx_word' id='word_1_21' title='bbox 1022 807 1192 889; x_wconf 83' lang='lat' dir='ltr'>quoquest</span> 
     </span>
    </p>
   </div>
   <div class='ocr_carea' id='block_1_4' title="bbox 219 923 1459 4220">
    <p class='ocr_par' dir='ltr' id='par_1_4' title="bbox 219 923 1459 4220">
     <span class='ocr_line' id='line_1_5' title="bbox 225 923 1369 1014; baseline 0.005 -24"><span class='ocrx_word' id='word_1_22' title='bbox 225 923 459 992; x_wconf 69' lang='lat' dir='ltr'>emulatione</span> <span class='ocrx_word' id='word_1_23' title='bbox 486 930 597 998; x_wconf 90' lang='lat' dir='ltr'>tamen</span> <span class='ocrx_word' id='word_1_24' title='bbox 625 927 798 993; x_wconf 87' lang='lat' dir='ltr'>cohibebat</span> <span class='ocrx_word' id='word_1_25' title='bbox 825 927 1040 1012; x_wconf 75' lang='lat' dir='ltr'>dubitantem,</span> <span class='ocrx_word' id='word_1_26' title='bbox 1067 927 1152 1013; x_wconf 90' lang='lat' dir='ltr'>quod</span> <span class='ocrx_word' id='word_1_27' title='bbox 1175 932 1208 993; x_wconf 88' lang='lat' dir='ltr'>et</span> <span class='ocrx_word' id='word_1_28' title='bbox 1231 931 1369 1014; x_wconf 87' lang='lat' dir='ltr'>utroque</span> 
     </span>
     <span class='ocr_line' id='line_1_6' title="bbox 222 1031 1369 1120; baseline 0.003 -22"><span class='ocrx_word' id='word_1_29' title='bbox 222 1032 294 1099; x_wconf 90' lang='lat' dir='ltr'>loco</span> <span class='ocrx_word' id='word_1_30' title='bbox 318 1033 352 1098; x_wconf 90' lang='lat' dir='ltr'>in</span> <span class='ocrx_word' id='word_1_31' title='bbox 375 1031 521 1100; x_wconf 78' lang='lat' dir='ltr'>Calliclis</span> <span class='ocrx_word' id='word_1_32' title='bbox 550 1039 646 1119; x_wconf 87' lang='lat' dir='ltr'>atque</span> <span class='ocrx_word' id='word_1_33' title='bbox 669 1033 840 1101; x_wconf 81' lang='lat' dir='ltr'>Lesbonici</span> <span class='ocrx_word' id='word_1_34' title='bbox 864 1035 1102 1101; x_wconf 77' lang='lat' dir='ltr'>contumaciam</span> <span class='ocrx_word' id='word_1_35' title='bbox 1126 1035 1272 1120; x_wconf 88' lang='lat' dir='ltr'>apprime</span> <span class='ocrx_word' id='word_1_36' title='bbox 1295 1058 1369 1102; x_wconf 87' lang='lat' dir='ltr'>con·</span> 
     </span>
     <span class='ocr_line' id='line_1_7' title="bbox 223 1140 1370 1228; baseline 0.004 -24"><span class='ocrx_word' id='word_1_37' title='bbox 223 1141 331 1205; x_wconf 84' lang='lat' dir='ltr'>venire</span> <span class='ocrx_word' id='word_1_38' title='bbox 360 1140 523 1226; x_wconf 88' lang='lat' dir='ltr'>participii</span> <span class='ocrx_word' id='word_1_39' title='bbox 550 1143 718 1226; x_wconf 87' lang='lat' dir='ltr'>tamquam</span> <span class='ocrx_word' id='word_1_40' title='bbox 745 1141 929 1227; x_wconf 87' lang='lat' dir='ltr'>praefracta</span> <span class='ocrx_word' id='word_1_41' title='bbox 955 1141 1100 1208; x_wconf 82' lang='lat' dir='ltr'>brevitas</span> <span class='ocrx_word' id='word_1_42' title='bbox 1128 1142 1230 1208; x_wconf 82' lang='lat' dir='ltr'>videri</span> <span class='ocrx_word' id='word_1_43' title='bbox 1252 1147 1370 1228; x_wconf 87' lang='lat' dir='ltr'>potest,</span> 
     </span>
     <span class='ocr_line' id='line_1_8' title="bbox 223 1246 1370 1333; baseline 0.003 -22"><span class='ocrx_word' id='word_1_44' title='bbox 223 1250 255 1312; x_wconf 92' lang='lat' dir='ltr'>et</span> <span class='ocrx_word' id='word_1_45' title='bbox 270 1247 349 1312; x_wconf 89' lang='lat' dir='ltr'>alibi</span> <span class='ocrx_word' id='word_1_46' title='bbox 364 1269 490 1332; x_wconf 87' lang='lat' dir='ltr'>quoque</span> <span class='ocrx_word' id='word_1_47' title='bbox 504 1247 611 1333; x_wconf 90' lang='lat' dir='ltr'>ipsum</span> <span class='ocrx_word' id='word_1_48' title='bbox 626 1247 706 1313; x_wconf 93' lang='lat' dir='ltr'>illud</span> <span class='ocrx_word' id='word_1_49' title='bbox 723 1248 841 1331; x_wconf 76' lang='lat' dir='ltr'>fuctum</span> <span class='ocrx_word' id='word_1_50' title='bbox 856 1248 926 1313; x_wconf 88' lang='lat' dir='ltr'>sine</span> <span class='ocrx_word' id='word_1_51' title='bbox 940 1254 985 1314; x_wconf 87' lang='grc' dir='ltr'>εει</span> <span class='ocrx_word' id='word_1_52' title='bbox 1001 1248 1129 1333; x_wconf 89' lang='lat' dir='ltr'>dicitur,</span> <span class='ocrx_word' id='word_1_53' title='bbox 1147 1253 1184 1314; x_wconf 89' lang='lat' dir='ltr'>ut</span> <span class='ocrx_word' id='word_1_54' title='bbox 1197 1246 1314 1315; x_wconf 90' lang='lat' dir='ltr'>Bacch.</span> <span class='ocrx_word' id='word_1_55' title='bbox 1327 1249 1370 1332; x_wconf 88' lang='lat' dir='ltr'>II,</span> 
     </span>
     <span class='ocr_line' id='line_1_9' title="bbox 223 1353 1369 1442; baseline 0.003 -24"><span class='ocrx_word' id='word_1_56' title='bbox 223 1354 253 1437; x_wconf 84' lang='lat'>3,</span> <span class='ocrx_word' id='word_1_57' title='bbox 276 1353 316 1418; x_wconf 91' lang='lat'>61</span> <span class='ocrx_word' id='word_1_58' title='bbox 348 1355 502 1436; x_wconf 81' lang='lat' dir='ltr'>sapienter</span> <span class='ocrx_word' id='word_1_59' title='bbox 527 1353 657 1436; x_wconf 80' lang='lat' dir='ltr'>suctum-</span> <span class='ocrx_word' id='word_1_60' title='bbox 672 1375 695 1420; x_wconf 86' lang='lat' dir='ltr'>u</span> <span class='ocrx_word' id='word_1_61' title='bbox 720 1355 852 1442; x_wconf 75' lang='lat' dir='ltr'>uobr‘s.*)</span> <span class='ocrx_word' id='word_1_62' title='bbox 899 1353 961 1420; x_wconf 85' lang='lat' dir='ltr'>Sed</span> <span class='ocrx_word' id='word_1_63' title='bbox 984 1378 1014 1421; x_wconf 83' lang='lat' dir='ltr'>r.</span> <span class='ocrx_word' id='word_1_64' title='bbox 1040 1357 1125 1422; x_wconf 88' lang='grc'>1036</span> <span class='ocrx_word' id='word_1_65' title='bbox 1148 1377 1281 1439; x_wconf 80' lang='lat' dir='ltr'>aequum</span> <span class='ocrx_word' id='word_1_66' title='bbox 1302 1357 1369 1440; x_wconf 78' lang='lat' dir='ltr'>qui-</span> 
     </span>
     <span class='ocr_line' id='line_1_10' title="bbox 221 1461 1371 1546; baseline -0.001 -19"><span class='ocrx_word' id='word_1_67' title='bbox 221 1463 290 1527; x_wconf 85' lang='lat' dir='ltr'>dem</span> <span class='ocrx_word' id='word_1_68' title='bbox 319 1483 386 1526; x_wconf 92' lang='lat' dir='ltr'>non</span> <span class='ocrx_word' id='word_1_69' title='bbox 414 1465 463 1526; x_wconf 90' lang='lat' dir='ltr'>est</span> <span class='ocrx_word' id='word_1_70' title='bbox 490 1483 550 1546; x_wconf 91' lang='lat' dir='ltr'>pro</span> <span class='ocrx_word' id='word_1_71' title='bbox 577 1482 709 1544; x_wconf 78' lang='lat' dir='ltr'>coquum</span> <span class='ocrx_word' id='word_1_72' title='bbox 737 1463 773 1527; x_wconf 81' lang='lat' dir='ltr'>id</span> <span class='ocrx_word' id='word_1_73' title='bbox 796 1463 919 1544; x_wconf 66' lang='lat' dir='ltr'>parilem</span> <span class='ocrx_word' id='word_1_74' title='bbox 942 1467 997 1540; x_wconf 86' lang='grc' dir='ltr'><em>εει,</em></span> <span class='ocrx_word' id='word_1_75' title='bbox 1026 1461 1112 1546; x_wconf 91' lang='lat' dir='ltr'>qnod</span> <span class='ocrx_word' id='word_1_76' title='bbox 1136 1462 1269 1528; x_wconf 82' lang='lat' dir='ltr'>admisit</span> <span class='ocrx_word' id='word_1_77' title='bbox 1290 1463 1371 1528; x_wconf 89' lang='lat' dir='ltr'>Her-</span> 
     </span>
     <span class='ocr_line' id='line_1_11' title="bbox 223 1567 1459 1655; baseline 0.003 -24"><span class='ocrx_word' id='word_1_78' title='bbox 223 1587 368 1650; x_wconf 86' lang='lat' dir='ltr'>mannus,</span> <span class='ocrx_word' id='word_1_79' title='bbox 393 1567 449 1633; x_wconf 89' lang='lat' dir='ltr'>sed</span> <span class='ocrx_word' id='word_1_80' title='bbox 469 1568 671 1634; x_wconf 83' lang='lat' dir='ltr'>accusativus</span> <span class='ocrx_word' id='word_1_81' title='bbox 691 1573 742 1634; x_wconf 87' lang='lat' dir='ltr'>est</span> <span class='ocrx_word' id='word_1_82' title='bbox 759 1568 866 1634; x_wconf 89' lang='lat' dir='ltr'>nentri</span> <span class='ocrx_word' id='word_1_83' title='bbox 885 1569 1022 1655; x_wconf 79' lang='lat' dir='ltr'>generis,</span> <span class='ocrx_word' id='word_1_84' title='bbox 1045 1591 1178 1654; x_wconf 91' lang='lat' dir='ltr'>prorsus</span> <span class='ocrx_word' id='word_1_85' title='bbox 1198 1568 1239 1635; x_wconf 89' lang='lat' dir='ltr'>ad</span> <span class='ocrx_word' id='word_1_86' title='bbox 1258 1591 1369 1635; x_wconf 88' lang='lat' dir='ltr'>eorum</span> <span class='ocrx_word' id='word_1_87' title='bbox 1456 1581 1459 1592; x_wconf 87' lang='lat'>&#39;</span> 
     </span>
     <span class='ocr_line' id='line_1_12' title="bbox 222 1673 1369 1760; baseline 0.002 -20"><span class='ocrx_word' id='word_1_88' title='bbox 222 1674 467 1740; x_wconf 87' lang='lat' dir='ltr'>similitudinem</span> <span class='ocrx_word' id='word_1_89' title='bbox 482 1697 566 1760; x_wconf 87' lang='lat' dir='ltr'>quac</span> <span class='ocrx_word' id='word_1_90' title='bbox 579 1675 776 1760; x_wconf 87' lang='lat' dir='ltr'>praecedunt</span> <span class='ocrx_word' id='word_1_91' title='bbox 789 1695 903 1741; x_wconf 84' lang='lat' dir='ltr'>morem</span> <span class='ocrx_word' id='word_1_92' title='bbox 916 1675 1099 1759; x_wconf 83' lang='lat' dir='ltr'>improbum.</span> <span class='ocrx_word' id='word_1_93' title='bbox 1132 1673 1245 1742; x_wconf 79' lang='lat' dir='ltr'>Certae</span> <span class='ocrx_word' id='word_1_94' title='bbox 1260 1679 1369 1743; x_wconf 87' lang='lat' dir='ltr'>autem</span> 
     </span>
     <span class='ocr_line' id='line_1_13' title="bbox 220 1781 1370 1869; baseline 0.003 -23"><span class='ocrx_word' id='word_1_95' title='bbox 220 1782 367 1867; x_wconf 90' lang='lat' dir='ltr'>nullique</span> <span class='ocrx_word' id='word_1_96' title='bbox 395 1781 591 1848; x_wconf 85' lang='lat' dir='ltr'>dubitationi</span> <span class='ocrx_word' id='word_1_97' title='bbox 619 1781 777 1848; x_wconf 83' lang='lat' dir='ltr'>obnoxias</span> <span class='ocrx_word' id='word_1_98' title='bbox 806 1782 1012 1868; x_wconf 84' lang='lat' dir='ltr'>exceptiones</span> <span class='ocrx_word' id='word_1_99' title='bbox 1040 1783 1119 1848; x_wconf 89' lang='lat' dir='ltr'>satis</span> <span class='ocrx_word' id='word_1_100' title='bbox 1149 1783 1270 1869; x_wconf 90' lang='lat' dir='ltr'>alioqui</span> <span class='ocrx_word' id='word_1_101' title='bbox 1293 1804 1370 1849; x_wconf 92' lang='lat' dir='ltr'>con·</span> 
     </span>
     <span class='ocr_line' id='line_1_14' title="bbox 222 1888 1370 1974; baseline 0.001 -20"><span class='ocrx_word' id='word_1_102' title='bbox 222 1893 311 1954; x_wconf 90' lang='lat' dir='ltr'>stans</span> <span class='ocrx_word' id='word_1_103' title='bbox 345 1889 396 1954; x_wconf 86' lang='lat' dir='ltr'>lex</span> <span class='ocrx_word' id='word_1_104' title='bbox 428 1888 489 1954; x_wconf 89' lang='lat' dir='ltr'>has</span> <span class='ocrx_word' id='word_1_105' title='bbox 521 1889 633 1955; x_wconf 89' lang='lat' dir='ltr'>habet:</span> <span class='ocrx_word' id='word_1_106' title='bbox 670 1889 812 1974; x_wconf 91' lang='lat' dir='ltr'>primum</span> <span class='ocrx_word' id='word_1_107' title='bbox 844 1891 1061 1956; x_wconf 68' lang='lat' dir='ltr'>nudiuseoeau</span> <span class='ocrx_word' id='word_1_108' title='bbox 1093 1912 1167 1955; x_wconf 91' lang='lat' dir='ltr'>cum</span> <span class='ocrx_word' id='word_1_109' title='bbox 1199 1889 1370 1973; x_wconf 89' lang='lat' dir='ltr'>similibus,</span> 
     </span>
     <span class='ocr_line' id='line_1_15' title="bbox 222 1993 1371 2081; baseline 0.001 -21"><span class='ocrx_word' id='word_1_110' title='bbox 222 2017 304 2081; x_wconf 87' lang='lat' dir='ltr'>quae</span> <span class='ocrx_word' id='word_1_111' title='bbox 327 2017 367 2061; x_wconf 90' lang='lat' dir='ltr'>ne</span> <span class='ocrx_word' id='word_1_112' title='bbox 392 1995 477 2081; x_wconf 89' lang='lat' dir='ltr'>apud</span> <span class='ocrx_word' id='word_1_113' title='bbox 500 1993 652 2061; x_wconf 88' lang='lat' dir='ltr'>Plautum</span> <span class='ocrx_word' id='word_1_114' title='bbox 676 1995 805 2080; x_wconf 90' lang='lat' dir='ltr'>quidem</span> <span class='ocrx_word' id='word_1_115' title='bbox 828 2002 842 2061; x_wconf 87' lang='grc' dir='ltr'><em>ι</em></span> <span class='ocrx_word' id='word_1_116' title='bbox 862 1996 1005 2060; x_wconf 87' lang='lat' dir='ltr'>litteram</span> <span class='ocrx_word' id='word_1_117' title='bbox 1027 1997 1060 2060; x_wconf 93' lang='lat' dir='ltr'>in</span> <span class='ocrx_word' id='word_1_118' title='bbox 1084 1997 1147 2062; x_wconf 89' lang='lat' dir='ltr'>fine</span> <span class='ocrx_word' id='word_1_119' title='bbox 1171 1996 1371 2080; x_wconf 80' lang='lat' dir='ltr'>asciverunt3</span> 
     </span>
     <span class='ocr_line' id='line_1_16' title="bbox 221 2101 1370 2188; baseline 0.001 -21"><span class='ocrx_word' id='word_1_120' title='bbox 221 2102 334 2169; x_wconf 88' lang='lat' dir='ltr'>deinde</span> <span class='ocrx_word' id='word_1_121' title='bbox 358 2125 419 2168; x_wconf 91' lang='lat' dir='ltr'>usu</span> <span class='ocrx_word' id='word_1_122' title='bbox 441 2101 662 2188; x_wconf 86' lang='lat' dir='ltr'>frequentatas</span> <span class='ocrx_word' id='word_1_123' title='bbox 686 2105 801 2168; x_wconf 79' lang='lat' dir='ltr'>mirum</span> <span class='ocrx_word' id='word_1_124' title='bbox 823 2107 861 2168; x_wconf 75' lang='grc' dir='ltr'><em>εει</em></span> <span class='ocrx_word' id='word_1_125' title='bbox 881 2107 915 2168; x_wconf 83' lang='grc' dir='ltr'><em>ει</em></span> <span class='ocrx_word' id='word_1_126' title='bbox 937 2105 1054 2168; x_wconf 82' lang='lat' dir='ltr'>mirum</span> <span class='ocrx_word' id='word_1_127' title='bbox 1080 2105 1157 2187; x_wconf 79' lang='lat' dir='ltr'>quin</span> <span class='ocrx_word' id='word_1_128' title='bbox 1179 2103 1370 2188; x_wconf 87' lang='lat' dir='ltr'>locutiones,</span> 
     </span>
     <span class='ocr_line' id='line_1_17' title="bbox 221 2209 1370 2295; baseline -0.001 -19"><span class='ocrx_word' id='word_1_129' title='bbox 221 2215 258 2276; x_wconf 89' lang='lat' dir='ltr'>ut</span> <span class='ocrx_word' id='word_1_130' title='bbox 280 2232 310 2275; x_wconf 85' lang='lat' dir='ltr'>v.</span> <span class='ocrx_word' id='word_1_131' title='bbox 332 2209 413 2293; x_wconf 73' lang='lat'>4953</span> <span class='ocrx_word' id='word_1_132' title='bbox 441 2209 572 2275; x_wconf 84' lang='lat' dir='ltr'>tertiam</span> <span class='ocrx_word' id='word_1_133' title='bbox 595 2211 698 2292; x_wconf 77' lang='lat' dir='ltr'>potis</span> <span class='ocrx_word' id='word_1_134' title='bbox 726 2209 778 2275; x_wconf 90' lang='lat' dir='ltr'>vel</span> <span class='ocrx_word' id='word_1_135' title='bbox 800 2214 886 2292; x_wconf 85' lang='lat' dir='ltr'>pote</span> <span class='ocrx_word' id='word_1_136' title='bbox 907 2231 1033 2294; x_wconf 86' lang='lat' dir='ltr'>rocem,</span> <span class='ocrx_word' id='word_1_137' title='bbox 1063 2232 1145 2295; x_wconf 91' lang='lat' dir='ltr'>quae</span> <span class='ocrx_word' id='word_1_138' title='bbox 1168 2210 1231 2276; x_wconf 91' lang='lat' dir='ltr'>hoc</span> <span class='ocrx_word' id='word_1_139' title='bbox 1254 2210 1370 2276; x_wconf 88' lang='lat' dir='ltr'>habuit</span> 
     </span>
     <span class='ocr_line' id='line_1_18' title="bbox 222 2317 1370 2402; baseline 0 -20"><span class='ocrx_word' id='word_1_140' title='bbox 222 2318 396 2402; x_wconf 83' lang='lat' dir='ltr'>singulare,</span> <span class='ocrx_word' id='word_1_141' title='bbox 418 2319 540 2381; x_wconf 89' lang='lat' dir='ltr'>utnon</span> <span class='ocrx_word' id='word_1_142' title='bbox 559 2337 618 2401; x_wconf 90' lang='lat' dir='ltr'>pro</span> <span class='ocrx_word' id='word_1_143' title='bbox 636 2322 737 2400; x_wconf 81' lang='lat' dir='ltr'>polest</span> <span class='ocrx_word' id='word_1_144' title='bbox 753 2320 883 2382; x_wconf 84' lang='lat' dir='ltr'>tantum</span> <span class='ocrx_word' id='word_1_145' title='bbox 906 2317 957 2382; x_wconf 85' lang='lat' dir='ltr'>vel</span> <span class='ocrx_word' id='word_1_146' title='bbox 976 2318 1061 2400; x_wconf 80' lang='lat' dir='ltr'>potis</span> <span class='ocrx_word' id='word_1_147' title='bbox 1083 2323 1127 2384; x_wconf 84' lang='grc' dir='ltr'>εει</span> <span class='ocrx_word' id='word_1_148' title='bbox 1148 2322 1370 2402; x_wconf 86' lang='lat' dir='ltr'>usurparetur,</span> 
     </span>
     <span class='ocr_line' id='line_1_19' title="bbox 221 2421 1370 2509; baseline 0 -20"><span class='ocrx_word' id='word_1_149' title='bbox 221 2423 277 2489; x_wconf 89' lang='lat' dir='ltr'>sed</span> <span class='ocrx_word' id='word_1_150' title='bbox 304 2424 403 2489; x_wconf 86' lang='lat' dir='ltr'>etiam</span> <span class='ocrx_word' id='word_1_151' title='bbox 431 2444 489 2507; x_wconf 91' lang='lat' dir='ltr'>pro</span> <span class='ocrx_word' id='word_1_152' title='bbox 517 2421 591 2487; x_wconf 87' lang='lat' dir='ltr'>aliis</span> <span class='ocrx_word' id='word_1_153' title='bbox 619 2421 733 2488; x_wconf 87' lang='lat' dir='ltr'>formis</span> <span class='ocrx_word' id='word_1_154' title='bbox 757 2423 825 2488; x_wconf 83' lang='lat' dir='ltr'>eius</span> <span class='ocrx_word' id='word_1_155' title='bbox 857 2423 961 2506; x_wconf 82' lang='lat' dir='ltr'>verbi,</span> <span class='ocrx_word' id='word_1_156' title='bbox 989 2424 1087 2489; x_wconf 87' lang='lat' dir='ltr'>etiam</span> <span class='ocrx_word' id='word_1_157' title='bbox 1116 2445 1174 2509; x_wconf 89' lang='lat' dir='ltr'>pro</span> <span class='ocrx_word' id='word_1_158' title='bbox 1198 2423 1370 2489; x_wconf 86' lang='lat' dir='ltr'>infinitivo.</span> 
     </span>
     <span class='ocr_line' id='line_1_20' title="bbox 222 2529 1369 2616; baseline 0 -20"><span class='ocrx_word' id='word_1_159' title='bbox 222 2530 314 2608; x_wconf 83' lang='lat' dir='ltr'>Quod</span> <span class='ocrx_word' id='word_1_160' title='bbox 342 2530 405 2595; x_wconf 90' lang='lat' dir='ltr'>etsi</span> <span class='ocrx_word' id='word_1_161' title='bbox 431 2550 517 2594; x_wconf 91' lang='lat' dir='ltr'>nunc</span> <span class='ocrx_word' id='word_1_162' title='bbox 545 2550 609 2595; x_wconf 93' lang='lat' dir='ltr'>non</span> <span class='ocrx_word' id='word_1_163' title='bbox 636 2534 731 2595; x_wconf 85' lang='lat' dir='ltr'>vacat</span> <span class='ocrx_word' id='word_1_164' title='bbox 753 2531 882 2616; x_wconf 83' lang='lat' dir='ltr'>longius</span> <span class='ocrx_word' id='word_1_165' title='bbox 910 2531 1073 2616; x_wconf 87' lang='lat' dir='ltr'>persequi,</span> <span class='ocrx_word' id='word_1_166' title='bbox 1101 2534 1211 2596; x_wconf 87' lang='lat' dir='ltr'>tamen</span> <span class='ocrx_word' id='word_1_167' title='bbox 1235 2553 1273 2596; x_wconf 86' lang='lat' dir='ltr'>ex</span> <span class='ocrx_word' id='word_1_168' title='bbox 1296 2529 1369 2615; x_wconf 88' lang='lat' dir='ltr'>ipsa</span> 
     </span>
     <span class='ocr_line' id='line_1_21' title="bbox 219 2635 1369 2723; baseline -0.002 -19"><span class='ocrx_word' id='word_1_169' title='bbox 219 2638 408 2704; x_wconf 83' lang='lat' dir='ltr'>Trinummo</span> <span class='ocrx_word' id='word_1_170' title='bbox 436 2635 673 2721; x_wconf 79' lang='lat' dir='ltr'>designandum</span> <span class='ocrx_word' id='word_1_171' title='bbox 700 2640 764 2720; x_wconf 87' lang='lat' dir='ltr'>est,</span> <span class='ocrx_word' id='word_1_172' title='bbox 796 2637 882 2723; x_wconf 94' lang='lat' dir='ltr'>quod</span> <span class='ocrx_word' id='word_1_173' title='bbox 910 2637 1119 2704; x_wconf 85' lang='lat' dir='ltr'>Ambrosiani</span> <span class='ocrx_word' id='word_1_174' title='bbox 1148 2638 1369 2723; x_wconf 87' lang='lat' dir='ltr'>praestantiae</span> 
     </span>
     <span class='ocr_line' id='line_1_22' title="bbox 221 2742 1370 2828; baseline 0.002 -19"><span class='ocrx_word' id='word_1_175' title='bbox 221 2743 368 2826; x_wconf 90' lang='lat' dir='ltr'>debetur,</span> <span class='ocrx_word' id='word_1_176' title='bbox 396 2764 424 2807; x_wconf 87' lang='lat' dir='ltr'>r.</span> <span class='ocrx_word' id='word_1_177' title='bbox 447 2742 513 2808; x_wconf 82' lang='lat'>352</span> <span class='ocrx_word' id='word_1_178' title='bbox 545 2743 791 2827; x_wconf 75' lang='lat' dir='ltr'>qududoqurilem</span> <span class='ocrx_word' id='word_1_179' title='bbox 822 2765 876 2810; x_wconf 81' lang='lat' dir='ltr'>nec</span> <span class='ocrx_word' id='word_1_180' title='bbox 908 2745 968 2810; x_wconf 64' lang='lat' dir='ltr'>trel</span> <span class='ocrx_word' id='word_1_181' title='bbox 999 2745 1071 2810; x_wconf 77' lang='lat' dir='ltr'>bene</span> <span class='ocrx_word' id='word_1_182' title='bbox 1101 2765 1162 2811; x_wconf 85' lang='lat' dir='ltr'>esse</span> <span class='ocrx_word' id='word_1_183' title='bbox 1186 2745 1273 2828; x_wconf 87' lang='lat' dir='ltr'>po‘te</span> <span class='ocrx_word' id='word_1_184' title='bbox 1297 2745 1370 2828; x_wconf 82' lang='lat' dir='ltr'>puli</span> 
     </span>
     <span class='ocr_line' id='line_1_23' title="bbox 220 2849 1369 2937; baseline 0.002 -21"><span class='ocrx_word' id='word_1_185' title='bbox 220 2872 315 2934; x_wconf 80' lang='lat' dir='ltr'>oeque</span> <span class='ocrx_word' id='word_1_186' title='bbox 341 2849 446 2916; x_wconf 78' lang='lat' dir='ltr'>clltcri:</span> <span class='ocrx_word' id='word_1_187' title='bbox 474 2849 530 2915; x_wconf 93' lang='lat' dir='ltr'>ubi</span> <span class='ocrx_word' id='word_1_188' title='bbox 558 2849 712 2916; x_wconf 80' lang='lat' dir='ltr'>vitiosum</span> <span class='ocrx_word' id='word_1_189' title='bbox 742 2854 813 2916; x_wconf 88' lang='lat' dir='ltr'>erut</span> <span class='ocrx_word' id='word_1_190' title='bbox 840 2851 926 2937; x_wconf 94' lang='lat' dir='ltr'>quod</span> <span class='ocrx_word' id='word_1_191' title='bbox 953 2851 1150 2937; x_wconf 83' lang='lat' dir='ltr'>vulgabatur</span> <span class='ocrx_word' id='word_1_192' title='bbox 1166 2857 1261 2937; x_wconf 80' lang='lat' dir='ltr'>potes,</span> <span class='ocrx_word' id='word_1_193' title='bbox 1291 2873 1369 2937; x_wconf 92' lang='lat' dir='ltr'>quo·</span> 
     </span>
     <span class='ocr_line' id='line_1_24' title="bbox 221 2957 1371 3043; baseline 0 -19"><span class='ocrx_word' id='word_1_194' title='bbox 221 2959 310 3024; x_wconf 90' lang='lat' dir='ltr'>niam</span> <span class='ocrx_word' id='word_1_195' title='bbox 339 2957 372 3022; x_wconf 96' lang='lat' dir='ltr'>in</span> <span class='ocrx_word' id='word_1_196' title='bbox 401 2957 581 3042; x_wconf 89' lang='lat' dir='ltr'>composito</span> <span class='ocrx_word' id='word_1_197' title='bbox 610 2957 708 3022; x_wconf 83' lang='lat' dir='ltr'>verbo</span> <span class='ocrx_word' id='word_1_198' title='bbox 736 2979 803 3022; x_wconf 93' lang='lat' dir='ltr'>non</span> <span class='ocrx_word' id='word_1_199' title='bbox 830 2959 935 3042; x_wconf 81' lang='lat' dir='ltr'>magis</span> <span class='ocrx_word' id='word_1_200' title='bbox 965 2979 1062 3043; x_wconf 87' lang='lat' dir='ltr'>quarn</span> <span class='ocrx_word' id='word_1_201' title='bbox 1090 2958 1125 3023; x_wconf 90' lang='lat' dir='ltr'>in</span> <span class='ocrx_word' id='word_1_202' title='bbox 1153 2957 1307 3043; x_wconf 84' lang='lat' dir='ltr'>simplici,</span> <span class='ocrx_word' id='word_1_203' title='bbox 1339 2979 1371 3024; x_wconf 84' lang='grc' dir='ltr'>εε</span> 
     </span>
     <span class='ocr_line' id='line_1_25' title="bbox 221 3063 1367 3152; baseline 0.001 -23"><span class='ocrx_word' id='word_1_204' title='bbox 221 3065 349 3150; x_wconf 81' lang='lat' dir='ltr'>syllaba</span> <span class='ocrx_word' id='word_1_205' title='bbox 367 3063 539 3148; x_wconf 90' lang='lat' dir='ltr'>corripitur</span> <span class='ocrx_word' id='word_1_206' title='bbox 558 3063 643 3149; x_wconf 88' lang='lat' dir='ltr'>apud</span> <span class='ocrx_word' id='word_1_207' title='bbox 662 3063 879 3152; x_wconf 80' lang='lat' dir='ltr'>Plautum.**)</span> <span class='ocrx_word' id='word_1_208' title='bbox 912 3063 985 3130; x_wconf 91' lang='lat' dir='ltr'>Hoc</span> <span class='ocrx_word' id='word_1_209' title='bbox 1002 3065 1106 3150; x_wconf 81' lang='lat' dir='ltr'>igitur</span> <span class='ocrx_word' id='word_1_210' title='bbox 1123 3063 1202 3130; x_wconf 87' lang='lat' dir='ltr'>duce</span> <span class='ocrx_word' id='word_1_211' title='bbox 1221 3064 1367 3149; x_wconf 87' lang='lat' dir='ltr'>exemplo</span> 
     </span>
     <span class='ocr_line' id='line_1_26' title="bbox 221 3169 1450 3257; baseline -0.003 -19"><span class='ocrx_word' id='word_1_212' title='bbox 221 3171 417 3257; x_wconf 82' lang='lat' dir='ltr'>asperiorem</span> <span class='ocrx_word' id='word_1_213' title='bbox 439 3169 762 3254; x_wconf 89' lang='lat' dir='ltr'>proceleusmaticum</span> <span class='ocrx_word' id='word_1_214' title='bbox 786 3172 827 3237; x_wconf 88' lang='lat' dir='ltr'>ab</span> <span class='ocrx_word' id='word_1_215' title='bbox 851 3171 946 3237; x_wconf 89' lang='lat' dir='ltr'>initio</span> <span class='ocrx_word' id='word_1_216' title='bbox 965 3193 1077 3237; x_wconf 85' lang='lat' dir='ltr'>versus</span> <span class='ocrx_word' id='word_1_217' title='bbox 1096 3172 1162 3237; x_wconf 79' lang='lat'>730</span> <span class='ocrx_word' id='word_1_218' title='bbox 1178 3176 1279 3254; x_wconf 74' lang='lat' dir='ltr'>potest</span> <span class='ocrx_word' id='word_1_219' title='bbox 1298 3172 1369 3254; x_wconf 79' lang='lat' dir='ltr'>fieri</span> <span class='ocrx_word' id='word_1_220' title='bbox 1385 3194 1450 3235; x_wconf 83' lang='lat' dir='ltr'>oxu</span> 
     </span>
     <span class='ocr_line' id='line_1_27' title="bbox 221 3275 1369 3364; baseline -0.001 -20"><span class='ocrx_word' id='word_1_221' title='bbox 221 3278 343 3346; x_wconf 85' lang='lat' dir='ltr'>removi</span> <span class='ocrx_word' id='word_1_222' title='bbox 372 3299 445 3344; x_wconf 87' lang='lat' dir='ltr'>oum</span> <span class='ocrx_word' id='word_1_223' title='bbox 476 3275 606 3343; x_wconf 92' lang='lat' dir='ltr'>Bothio.</span> <span class='ocrx_word' id='word_1_224' title='bbox 656 3278 829 3344; x_wconf 87' lang='lat' dir='ltr'>Potueram</span> <span class='ocrx_word' id='word_1_225' title='bbox 861 3279 1041 3364; x_wconf 79' lang='lat' dir='ltr'>elegantiae</span> <span class='ocrx_word' id='word_1_226' title='bbox 1072 3279 1170 3344; x_wconf 88' lang='lat' dir='ltr'>eliam</span> <span class='ocrx_word' id='word_1_227' title='bbox 1203 3277 1283 3344; x_wconf 90' lang='lat' dir='ltr'>illud</span> <span class='ocrx_word' id='word_1_228' title='bbox 1313 3279 1369 3343; x_wconf 89' lang='lat' dir='ltr'>tri-</span> 
     </span>
     <span class='ocr_line' id='line_1_28' title="bbox 221 3384 1369 3471; baseline 0 -21"><span class='ocrx_word' id='word_1_229' title='bbox 221 3386 328 3468; x_wconf 87' lang='lat' dir='ltr'>buere,</span> <span class='ocrx_word' id='word_1_230' title='bbox 350 3387 388 3450; x_wconf 89' lang='lat' dir='ltr'>ut</span> <span class='ocrx_word' id='word_1_231' title='bbox 410 3405 522 3450; x_wconf 84' lang='lat' dir='ltr'>versus</span> <span class='ocrx_word' id='word_1_232' title='bbox 542 3384 585 3450; x_wconf 90' lang='grc'>80</span> <span class='ocrx_word' id='word_1_233' title='bbox 602 3385 800 3470; x_wconf 88' lang='lat' dir='ltr'>principium</span> <span class='ocrx_word' id='word_1_234' title='bbox 824 3387 870 3452; x_wconf 87' lang='lat' dir='ltr'>sio</span> <span class='ocrx_word' id='word_1_235' title='bbox 894 3386 1085 3471; x_wconf 85' lang='lat' dir='ltr'>expolirem:</span> <span class='ocrx_word' id='word_1_236' title='bbox 1109 3385 1183 3451; x_wconf 80' lang='lat' dir='ltr'>Non</span> <span class='ocrx_word' id='word_1_237' title='bbox 1201 3387 1285 3469; x_wconf 84' lang='lat' dir='ltr'>potis</span> <span class='ocrx_word' id='word_1_238' title='bbox 1308 3386 1369 3468; x_wconf 90' lang='lat' dir='ltr'>[sic</span> 
     </span>
     <span class='ocr_line' id='line_1_29' title="bbox 221 3487 1369 3579; baseline 0.003 -24"><span class='ocrx_word' id='word_1_239' title='bbox 221 3487 326 3557; x_wconf 67' lang='lat' dir='ltr'>&#39;Prin’</span> <span class='ocrx_word' id='word_1_240' title='bbox 349 3513 423 3556; x_wconf 91' lang='lat' dir='ltr'>cum</span> <span class='ocrx_word' id='word_1_241' title='bbox 446 3489 581 3573; x_wconf 88' lang='lat' dir='ltr'>Bothio]</span> <span class='ocrx_word' id='word_1_242' title='bbox 609 3497 771 3575; x_wconf 81' lang='lat' dir='ltr'>utrumque</span> <span class='ocrx_word' id='word_1_243' title='bbox 797 3495 868 3578; x_wconf 72' lang='lat' dir='ltr'>{lert</span> <span class='ocrx_word' id='word_1_244' title='bbox 890 3492 1100 3579; x_wconf 86' lang='lat' dir='ltr'>(quamquam</span> <span class='ocrx_word' id='word_1_245' title='bbox 1123 3492 1245 3559; x_wconf 90' lang='lat' dir='ltr'>licebat</span> <span class='ocrx_word' id='word_1_246' title='bbox 1271 3492 1369 3558; x_wconf 88' lang='lat' dir='ltr'>etiam</span> 
     </span>
     <span class='ocr_line' id='line_1_30' title="bbox 222 3597 1369 3684; baseline 0.003 -21"><span class='ocrx_word' id='word_1_247' title='bbox 222 3597 297 3663; x_wconf 80' lang='lat' dir='ltr'>Non</span> <span class='ocrx_word' id='word_1_248' title='bbox 318 3597 403 3680; x_wconf 78' lang='lat' dir='ltr'>potis</span> <span class='ocrx_word' id='word_1_249' title='bbox 429 3603 473 3664; x_wconf 96' lang='grc' dir='ltr'>εει</span> <span class='ocrx_word' id='word_1_250' title='bbox 498 3599 568 3681; x_wconf 74' lang='lat' dir='ltr'>ficri</span> <span class='ocrx_word' id='word_1_251' title='bbox 594 3604 757 3682; x_wconf 67' lang='lat' dir='ltr'>ulnamque</span> <span class='ocrx_word' id='word_1_252' title='bbox 786 3602 838 3665; x_wconf 85' lang='lat' dir='ltr'>vel</span> <span class='ocrx_word' id='word_1_253' title='bbox 867 3601 1009 3667; x_wconf 87' lang='lat' dir='ltr'>fortasse</span> <span class='ocrx_word' id='word_1_254' title='bbox 1037 3601 1111 3666; x_wconf 80' lang='lat' dir='ltr'>Non</span> <span class='ocrx_word' id='word_1_255' title='bbox 1137 3603 1223 3684; x_wconf 83' lang='lat' dir='ltr'>potis</span> <span class='ocrx_word' id='word_1_256' title='bbox 1251 3606 1369 3667; x_wconf 71' lang='lat' dir='ltr'>utron-</span> 
     </span>
     <span class='ocr_line' id='line_1_31' title="bbox 224 3702 1371 3792; baseline 0.003 -24"><span class='ocrx_word' id='word_1_257' title='bbox 224 3709 309 3788; x_wconf 81' lang='lat' dir='ltr'>puest</span> <span class='ocrx_word' id='word_1_258' title='bbox 329 3702 423 3790; x_wconf 73' lang='lat' dir='ltr'>fiere),</span> <span class='ocrx_word' id='word_1_259' title='bbox 450 3704 515 3769; x_wconf 91' lang='lat' dir='ltr'>nisi</span> <span class='ocrx_word' id='word_1_260' title='bbox 537 3704 638 3770; x_wconf 90' lang='lat' dir='ltr'>nimia</span> <span class='ocrx_word' id='word_1_261' title='bbox 660 3707 882 3792; x_wconf 87' lang='lat' dir='ltr'>exemplorum</span> <span class='ocrx_word' id='word_1_262' title='bbox 905 3707 1112 3775; x_wconf 90' lang='lat' dir='ltr'>multitudine</span> <span class='ocrx_word' id='word_1_263' title='bbox 1136 3711 1304 3792; x_wconf 86' lang='lat' dir='ltr'>correptae</span> <span class='ocrx_word' id='word_1_264' title='bbox 1326 3713 1371 3774; x_wconf 85' lang='lat' dir='ltr'>cst</span> 
     </span>
     <span class='ocr_line' id='line_1_32' title="bbox 225 3811 1370 3899; baseline -0.001 -19"><span class='ocrx_word' id='word_1_265' title='bbox 225 3813 315 3880; x_wconf 83' lang='lat' dir='ltr'>vocis</span> <span class='ocrx_word' id='word_1_266' title='bbox 344 3811 480 3878; x_wconf 87' lang='lat' dir='ltr'>offensio</span> <span class='ocrx_word' id='word_1_267' title='bbox 509 3813 614 3878; x_wconf 88' lang='lat' dir='ltr'>omnis</span> <span class='ocrx_word' id='word_1_268' title='bbox 643 3813 825 3899; x_wconf 87' lang='lat' dir='ltr'>tolleretur,</span> <span class='ocrx_word' id='word_1_269' title='bbox 853 3817 890 3880; x_wconf 89' lang='lat' dir='ltr'>ut</span> <span class='ocrx_word' id='word_1_270' title='bbox 917 3836 946 3880; x_wconf 88' lang='lat' dir='ltr'>r.</span> <span class='ocrx_word' id='word_1_271' title='bbox 970 3815 991 3880; x_wconf 88' lang='lat'><strong>3</strong></span> <span class='ocrx_word' id='word_1_272' title='bbox 1018 3817 1105 3882; x_wconf 78' lang='lat' dir='ltr'>adest</span> <span class='ocrx_word' id='word_1_273' title='bbox 1130 3836 1168 3881; x_wconf 83' lang='lat' dir='ltr'>cn</span> <span class='ocrx_word' id='word_1_274' title='bbox 1196 3816 1297 3896; x_wconf 77' lang='lat' dir='ltr'>[udc&#39;ot</span> <span class='ocrx_word' id='word_1_275' title='bbox 1322 3835 1370 3879; x_wconf 88' lang='lat' dir='ltr'>cm</span> 
     </span>
     <span class='ocr_line' id='line_1_33' title="bbox 223 3915 1368 4006; baseline -0.003 -20"><span class='ocrx_word' id='word_1_276' title='bbox 223 3915 359 4004; x_wconf 83' lang='lat' dir='ltr'>Trin.¹],</span> <span class='ocrx_word' id='word_1_277' title='bbox 389 3917 455 3984; x_wconf 84' lang='grc'>354</span> <span class='ocrx_word' id='word_1_278' title='bbox 483 3919 512 3983; x_wconf 80' lang='lat' dir='ltr'>is</span> <span class='ocrx_word' id='word_1_279' title='bbox 542 3925 586 3985; x_wconf 80' lang='grc' dir='ltr'>εει</span> <span class='ocrx_word' id='word_1_280' title='bbox 614 3921 776 4000; x_wconf 67' lang='lat' dir='ltr'>immunes,</span> <span class='ocrx_word' id='word_1_281' title='bbox 806 3920 871 3986; x_wconf 89' lang='grc'>908</span> <span class='ocrx_word' id='word_1_282' title='bbox 901 3922 977 4004; x_wconf 82' lang='lat' dir='ltr'>quid</span> <span class='ocrx_word' id='word_1_283' title='bbox 1006 3927 1050 3987; x_wconf 87' lang='grc' dir='ltr'>εει</span> <span class='ocrx_word' id='word_1_284' title='bbox 1079 3922 1191 4006; x_wconf 75' lang='lat' dir='ltr'>nepoti:</span> <span class='ocrx_word' id='word_1_285' title='bbox 1224 3920 1368 4006; x_wconf 89' lang='lat' dir='ltr'>qualium</span> 
     </span>
     <span class='ocr_line' id='line_1_34' title="bbox 224 4025 1368 4114; baseline -0.003 -20"><span class='ocrx_word' id='word_1_286' title='bbox 224 4026 416 4094; x_wconf 86' lang='lat' dir='ltr'>auctoritate</span> <span class='ocrx_word' id='word_1_287' title='bbox 438 4045 479 4088; x_wconf 90' lang='lat' dir='ltr'>no</span> <span class='ocrx_word' id='word_1_288' title='bbox 503 4046 541 4090; x_wconf 87' lang='lat' dir='ltr'>ea</span> <span class='ocrx_word' id='word_1_289' title='bbox 565 4027 694 4112; x_wconf 90' lang='lat' dir='ltr'>quidem</span> <span class='ocrx_word' id='word_1_290' title='bbox 716 4049 871 4114; x_wconf 89' lang='lat' dir='ltr'>umquam</span> <span class='ocrx_word' id='word_1_291' title='bbox 895 4027 1083 4112; x_wconf 85' lang='lat' dir='ltr'>sollicitari,</span> <span class='ocrx_word' id='word_1_292' title='bbox 1111 4050 1193 4113; x_wconf 86' lang='lat' dir='ltr'>quae</span> <span class='ocrx_word' id='word_1_293' title='bbox 1215 4025 1368 4112; x_wconf 85' lang='lat' dir='ltr'>perfacile</span> 
     </span>
     <span class='ocr_line' id='line_1_35' title="bbox 223 4131 1366 4220; baseline 0 -22"><span class='ocrx_word' id='word_1_294' title='bbox 223 4137 293 4199; x_wconf 89' lang='lat' dir='ltr'>erat</span> <span class='ocrx_word' id='word_1_295' title='bbox 319 4131 360 4197; x_wconf 89' lang='lat' dir='ltr'>ad</span> <span class='ocrx_word' id='word_1_296' title='bbox 389 4132 546 4198; x_wconf 86' lang='lat' dir='ltr'>maiorem</span> <span class='ocrx_word' id='word_1_297' title='bbox 574 4133 698 4199; x_wconf 88' lang='lat' dir='ltr'>scilieet</span> <span class='ocrx_word' id='word_1_298' title='bbox 726 4135 923 4220; x_wconf 83' lang='lat' dir='ltr'>elegantiam</span> <span class='ocrx_word' id='word_1_299' title='bbox 954 4133 1157 4220; x_wconf 85' lang='lat' dir='ltr'>transposita</span> <span class='ocrx_word' id='word_1_300' title='bbox 1183 4139 1228 4199; x_wconf 89' lang='grc' dir='ltr'>εει</span> <span class='ocrx_word' id='word_1_301' title='bbox 1254 4132 1366 4198; x_wconf 85' lang='lat' dir='ltr'>rocula</span> 
     </span>
    </p>
   </div>
   <div class='ocr_carea' id='block_1_5' title="bbox 223 4241 1368 4326">
    <p class='ocr_par' dir='ltr' id='par_1_5' title="bbox 223 4241 1368 4326">
     <span class='ocr_line' id='line_1_36' title="bbox 223 4241 1368 4326; baseline -0.003 -20"><span class='ocrx_word' id='word_1_302' title='bbox 223 4241 393 4324; x_wconf 84' lang='lat' dir='ltr'>adducere,</span> <span class='ocrx_word' id='word_1_303' title='bbox 421 4241 510 4304; x_wconf 86' lang='lat' dir='ltr'>velut</span> <span class='ocrx_word' id='word_1_304' title='bbox 538 4263 566 4306; x_wconf 86' lang='lat' dir='ltr'>r.</span> <span class='ocrx_word' id='word_1_305' title='bbox 589 4241 655 4307; x_wconf 87' lang='grc'>630</span> <span class='ocrx_word' id='word_1_306' title='bbox 681 4243 764 4326; x_wconf 86' lang='lat' dir='ltr'>quod</span> <span class='ocrx_word' id='word_1_307' title='bbox 782 4243 1019 4324; x_wconf 63' lang='lat' dir='ltr'>facillumum,</span> <span class='ocrx_word' id='word_1_308' title='bbox 1047 4242 1111 4307; x_wconf 87' lang='grc'>668</span> <span class='ocrx_word' id='word_1_309' title='bbox 1135 4243 1181 4305; x_wconf 84' lang='lat' dir='ltr'>itu</span> <span class='ocrx_word' id='word_1_310' title='bbox 1203 4259 1292 4304; x_wconf 87' lang='lat' dir='ltr'>umor</span> <span class='ocrx_word' id='word_1_311' title='bbox 1317 4244 1368 4318; x_wconf 88' lang='grc' dir='ltr'><em>εει,</em></span> 
     </span>
    </p>
   </div>
   <div class='ocr_carea' id='block_1_6' title="bbox 235 4385 435 4394">
    <p class='ocr_par' dir='ltr' id='par_1_6' title="bbox 235 4385 435 4394">
     <span class='ocr_line' id='line_1_37' title="bbox 235 4385 435 4394; baseline -0.015 0"><span class='ocrx_word' id='word_1_312' title='bbox 235 4385 435 4394; x_wconf 77' lang='lat'><em>-—-——.</em></span> 
     </span>
    </p>
   </div>
   <div class='ocr_carea' id='block_1_7' title="bbox 294 4447 887 4610">
    <p class='ocr_par' dir='ltr' id='par_1_7' title="bbox 294 4447 887 4610">
     <span class='ocr_line' id='line_1_38' title="bbox 313 4447 887 4524; baseline 0 -17"><span class='ocrx_word' id='word_1_313' title='bbox 313 4449 342 4521; x_wconf 68' lang='lat'>⁸)</span> <span class='ocrx_word' id='word_1_314' title='bbox 362 4447 415 4520; x_wconf 81' lang='lat' dir='ltr'>[Ol.</span> <span class='ocrx_word' id='word_1_315' title='bbox 434 4449 536 4520; x_wconf 84' lang='lat' dir='ltr'>Opuao.</span> <span class='ocrx_word' id='word_1_316' title='bbox 554 4450 623 4521; x_wconf 89' lang='lat' dir='ltr'>phil.</span> <span class='ocrx_word' id='word_1_317' title='bbox 643 4451 668 4506; x_wconf 91' lang='lat' dir='ltr'>ll</span> <span class='ocrx_word' id='word_1_318' title='bbox 687 4469 713 4522; x_wconf 90' lang='lat' dir='ltr'>p.</span> <span class='ocrx_word' id='word_1_319' title='bbox 734 4457 793 4508; x_wconf 79' lang='lat'><strong>609.</strong></span> <span class='ocrx_word' id='word_1_320' title='bbox 815 4453 887 4524; x_wconf 83' lang='lat'><strong>615.]</strong></span> 
     </span>
     <span class='ocr_line' id='line_1_39' title="bbox 294 4539 715 4610; baseline -0.002 -14"><span class='ocrx_word' id='word_1_321' title='bbox 294 4541 339 4609; x_wconf 69' lang='lat'>⁸⁸)</span> <span class='ocrx_word' id='word_1_322' title='bbox 359 4539 412 4610; x_wconf 80' lang='lat' dir='ltr'>[Ol.</span> <span class='ocrx_word' id='word_1_323' title='bbox 435 4540 472 4595; x_wconf 89' lang='lat' dir='ltr'>ad</span> <span class='ocrx_word' id='word_1_324' title='bbox 491 4539 580 4596; x_wconf 80' lang='lat' dir='ltr'>Stichi</span> <span class='ocrx_word' id='word_1_325' title='bbox 598 4559 623 4598; x_wconf 86' lang='lat' dir='ltr'>r.</span> <span class='ocrx_word' id='word_1_326' title='bbox 643 4543 715 4610; x_wconf 75' lang='lat' dir='ltr'>3ch</span> 
     </span>
    </p>
   </div>
   <div class='ocr_carea' id='block_1_8' title="bbox 0 0 1675 5072">
    <p class='ocr_par' dir='ltr' id='par_1_8' title="bbox 0 0 1675 5072">
     <span class='ocr_line' id='line_1_40' title="bbox 0 0 1675 5072; baseline 0 0"><span class='ocrx_word' id='word_1_327' title='bbox 0 0 1675 5072; x_wconf 95' lang='lat' dir='ltr'> </span> 
     </span>
    </p>
   </div>
  </div>
 </body>
</html>
