3338 5072
553 405 818 454 nnnnnsuronls
842 405 1054 452 enuvrlssa.
1313 388 1374 453 311

231 549 431 615 mentatione
459 555 673 636 excerptaque
701 549 734 614 in
764 548 961 614 Bacchidum
994 548 1136 614 editione
1163 547 1377 633 plurimorum

231 655 463 742 exemplarium
482 655 679 741 discrepanti
698 656 858 742 scripture
876 659 1049 740 postquem
1072 655 1286 722 falsissimum
1307 677 1378 721 esse

231 763 383 849 apparuit
406 764 462 848 qui
485 762 524 828 de
546 763 656 828 neseio
680 763 796 848 quibus
821 765 1022 828 vetustarum
1045 763 1225 828 editionum
1248 763 1378 828 thesau-

232 871 277 934 ris
301 869 356 934 diu
378 891 490 935 rumor
513 869 721 954 obtinuisset,
742 890 829 934 nuno
851 891 917 936 non
941 873 1012 934 erat
1033 869 1179 955 prolecto
1203 891 1260 935 cur
1281 869 1316 934 in
1340 891 1378 936 eo

231 997 348 1063 genere
373 976 442 1041 sine
465 977 572 1042 fructu
600 977 704 1042 denuo
728 997 937 1043 moraremur.
983 975 1097 1060 ltaque
1120 997 1193 1040 cnm
1217 975 1377 1042 editorum

230 1089 300 1148 tum
328 1087 508 1150 ceteromm
536 1084 721 1150 criticorum
750 1085 885 1149 nomina
912 1083 959 1148 eis
984 1087 1113 1149 tantum
1135 1081 1216 1148 loeis
1240 1105 1378 1148 comme·

233 1191 372 1275 moravi,
400 1190 519 1275 quibus
546 1190 594 1256 illi
623 1190 674 1255 vel
698 1190 820 1276 aliquid
845 1190 960 1255 salutis
983 1190 1173 1256 attulissent
1196 1189 1246 1254 vel
1269 1189 1378 1274 aliqua

231 1299 270 1362 de
293 1319 392 1363 eausa
411 1297 662 1381 memorabilem,
685 1297 832 1383 quamvis
856 1320 876 1362 a
898 1319 973 1362 vero
992 1297 1197 1362 aberrantem
1216 1297 1377 1362 coniectu-

229 1427 302 1470 ram
326 1405 559 1480 admovissent:
589 1405 718 1490 quando
746 1405 844 1470 etiam
874 1425 998 1469 errores
1026 1421 1095 1470 esse
1124 1403 1282 1470 eiusmodi
1306 1425 1378 1488 pos·

231 1516 319 1595 sunt,
349 1516 386 1576 ut
416 1511 538 1596 aliquid
568 1511 618 1576 vel
648 1510 753 1578 laudis
785 1511 836 1576 vel
867 1510 1020 1577 utilitatis
1048 1511 1199 1576 habeant.
1245 1509 1284 1576 In
1313 1532 1377 1595 quo

233 1619 336 1684 sicubi
364 1618 501 1684 videbor
528 1617 650 1684 nimius
677 1617 791 1702 fuisse,
818 1618 1027 1702 quantumvis
1053 1618 1104 1684 vel
1133 1617 1297 1684 inutilium
1320 1617 1376 1682 ha-

232 1725 441 1792 riolationum
461 1725 512 1790 vel
531 1725 755 1809 imperitarum
775 1725 994 1790 mutationum
1014 1724 1118 1790 sciens
1136 1724 1268 1790 silentio
1287 1745 1378 1810 prae·

233 1832 391 1898 terierim:
427 1831 529 1897 nimia
560 1832 648 1898 volui
682 1832 853 1918 diligentia
888 1854 985 1918 qnam
1018 1831 1190 1897 severitate
1227 1831 1377 1917 aliquave

228 1939 437 2025 neglegentia
456 1960 596 2022 peceare.
633 1939 679 2004 Et
702 1938 863 2004 editorum
886 1939 1024 2024 quidem,
1047 1938 1103 2023 qui
1122 1937 1279 2003 Merulam
1303 1960 1375 2022 pro·
1391 1958 1434 1998 an

228 2047 316 2112 ximo
344 2045 516 2111 intervallo
545 2045 645 2112 secuti
669 2050 760 2128 sunt,
788 2045 927 2129 perlevis
955 2044 995 2109 ad
1024 2044 1258 2110 emendandum
1281 2044 1376 2110 Plau·

230 2157 300 2217 tum
329 2174 427 2237 opera
453 2152 531 2217 fnit:
559 2157 596 2218 ut
618 2151 753 2218 Eusebii
777 2151 944 2217 chrsnu
968 2155 1001 2216 et
1025 2149 1167 2236 Philippi
1191 2150 1376 2217 Baaomm

201 2260 262 2324 'in
300 2259 496 2325 editionibus
530 2258 827 2326 Mediolanensibus
860 2279 1017 2324 annorum
1050 2275 1316 2324 mcccccnxxxx
1344 2262 1378 2322 et

230 2382 335 2432 01010:
363 2365 473 2451 paullo
502 2366 609 2451 plura,
637 2365 671 2430 in
699 2365 883 2431 bisantem
911 2365 1066 2450 quaedam
1091 2365 1283 2449 rectissime,
1312 2387 1376 2430 non

232 2477 412 2556 mutarunt,
436 2473 491 2538 sed
515 2472 635 2537 mutari
657 2472 691 2537 in
715 2472 980 2540 annotationibus
1004 2473 1168 2538 iusserunt
1191 2469 1375 2538 Bernordus

167 2557 172 2576 ’
229 2580 432 2645 Sunnoauvs
457 2579 601 2645 Venetae
625 2602 653 2644 a
677 2595 1025 2646 crococonxxxxvnn
1049 2580 1153 2646 editor
1176 2584 1210 2644 et
1233 2579 1374 2664 perversi

228 2685 349 2770 alioqui
378 2686 477 2751 homo
504 2685 614 2752 iudicii
637 2686 662 2753 I.
685 2685 721 2751 B.
746 2685 827 2752 P1vs
855 2686 890 2751 in
914 2685 1147 2752 Mediolanensi
1176 2708 1202 2750 a
1227 2703 1375 2770 clolo,e

231 2792 320 2858 cuius
340 2791 581 2858 absurdissimis
601 2813 831 2877 saepenumero
851 2792 1043 2859 coniecturis
1062 2795 1169 2858 totum
1183 2791 1374 2876 pependisse

228 2897 393 2964 Simonem
417 2897 665 2984 Carpentarium
688 2899 854 2966 hominem
877 2899 973 2985 longe
996 2897 1246 2984 ignavissimum
1264 2899 1286 2963 l.
1306 2921 1330 2963 s.
1350 2921 1375 2964 s.

227 3005 320 3070 docui
335 3028 365 3089 p.
379 3006 444 3071 488
457 3007 512 3086 [=
524 3007 582 3086 76]
593 3028 662 3090 sqq.
689 3003 788 3071 Cuius
802 3010 910 3072 autern
925 3006 958 3070 in
973 3005 1135 3089 plerisque
1151 3004 1270 3069 fabulis
1285 3025 1374 3092 gras·

227 3114 299 3177 sata
317 3116 368 3177 est
392 3111 538 3178 mubndi
560 3112 694 3176 licentia
721 3111 934 3196 incredibilis,
963 3133 1023 3177 nec
1046 3115 1156 3176 tamen
1180 3133 1218 3176 ea
1241 3133 1374 3196 prorsus

227 3218 442 3303 infructuosa,
480 3217 642 3284 Heroas
680 3219 714 3284 in
750 3218 912 3284 Brixiensi
948 3219 1025 3285 anni
1064 3236 1193 3286 oro1ovr
1231 3218 1373 3284 editione

227 3324 453 3391 Trinummum
485 3325 613 3410 quidem
643 3325 697 3390 vix
727 3327 852 3410 attigit:
884 3347 942 3392 nec
973 3325 1039 3390 sere
1069 3327 1173 3411 magis
1204 3325 1260 3411 qui
1287 3325 1372 3390 hunc

227 3435 303 3496 sunt
329 3432 432 3496 secuti
459 3429 616 3498 Nicotaus
645 3431 824 3499 Asennlvs
858 3433 892 3498 in
920 3432 1053 3498 luntina
1088 3454 1116 3497 a.
1140 3449 1312 3499 cloloxnn
1341 3437 1374 3498 et

227 3537 262 3602 in
285 3534 413 3602 Veneta
435 3560 463 3603 a.
487 3555 653 3604 cloloxxn
677 3539 798 3604 Annus
823 3560 895 3604 eum
920 3538 1074 3604 Asulano.

314 3641 366 3708 Ita
397 3664 448 3708 res
476 3644 581 3710 omnis
609 3645 649 3710 ad
676 3644 841 3710 loncfflnss
869 3643 1065 3711 clurman
1098 3645 1254 3711 nostratis
1284 3667 1373 3732 egre·

226 3750 314 3833 giam
348 3750 541 3816 industriam
574 3774 613 3818 ae
644 3750 839 3818 laudabilem
871 3775 930 3837 pro
968 3752 1054 3818 illius
1093 3752 1209 3818 aetatis
1246 3753 1372 3818 ratione

225 3856 428 3942 diligentiam
453 3857 582 3922 redacta
602 3862 664 3924 est:
689 3858 743 3944 qui
763 3859 850 3944 quod
874 3881 912 3923 ex
931 3857 1112 3925 Basileensi
1131 3861 1207 3924 anni
1227 3877 1371 3927 cso1on11

226 3964 381 4048 editione,
413 3965 550 4049 repetita
582 3965 639 4032 illa
666 3965 797 4050 Georgii
826 3966 968 4032 Fabricii
1002 3967 1051 4030 sni
1080 3966 1165 4032 curis
1195 3965 1314 4031 ibidem
1343 3987 1371 4032 a.

226 4090 418 4155 ololoavm,
441 4092 559 4136 nomen
582 4072 709 4138 invenit
731 4073 939 4157 sospitatoris
962 4072 1086 4156 Plauti,
1115 4094 1152 4138 eo
1181 4093 1295 4156 reapse
1318 4094 1370 4138 ex-

225 4179 311 4246 stitit
333 4178 552 4263 dignissimus.
597 4175 697 4243 Cuius
721 4178 825 4244 laudis
849 4179 911 4244 etsi
934 4202 1010 4264 pars
1042 4179 1196 4264 primaria
1226 4203 1264 4247 eo
1295 4203 1369 4248 con·

225 4285 362 4369 tinetur,
392 4284 476 4370 quod
505 4283 805 4368 praestantissimos
833 4285 935 4350 libros
963 4285 1130 4351 Palatinos
1161 4286 1229 4354 BG
1254 4292 1368 4356 nactus

225 4395 284 4476 est,
306 4394 414 4457 tamen
439 4391 537 4456 etiam
561 4390 617 4454 ubi
641 4392 682 4456 ab
706 4391 758 4456 his
782 4413 847 4458 non
870 4391 1006 4457 haberet
1028 4395 1179 4477 paratum
1204 4393 1367 4479 auxilium,

223 4496 346 4582 insigni
374 4519 469 4582 saepe
496 4497 673 4582 sagacitate
701 4498 902 4583 palmarique
930 4497 1151 4590 emendatione
1182 4520 1293 4566 verum
1321 4500 1368 4568 in·
