3332 5074
316 383 381 448 438
603 395 864 445 raonncousua
888 395 935 443 ua
959 393 1170 442 aarromnvs

475 540 650 606 Onerariae
669 543 802 604 onustae
826 539 961 634 stabant,
981 535 1016 602 1'n
1039 534 1204 622 flustris*)

316 681 360 770 (v.
383 681 465 747 Mus.
489 681 549 746 Rh.
573 705 646 748 nov.
669 681 700 744 V
727 704 757 766 p.
782 679 878 766 241),
911 679 1030 764 aliquid
1065 678 1240 743 consolitae
1274 677 1459 761 asperitatis

319 792 358 856 ad
382 791 515 875 politius
540 811 642 875 genus
665 786 854 852 transtulit?
885 785 955 852 Nec
979 785 1064 850 enim
1088 784 1279 868 ullomodo,
1303 783 1358 870 qni
1376 783 1460 849 Nae·

317 899 368 963 vio
384 897 537 962 Plautum
556 895 650 960 citius
670 897 908 977 compararunt,
932 897 1054 978 quanto
1078 891 1246 976 utriusque
1269 893 1384 974 poetae
1407 913 1459 954 ars

316 1006 467 1070 universa
490 1002 663 1069 intervallo
687 1001 795 1086 distet,
819 1001 898 1066 satis
923 1004 1092 1084 reputasse
1116 999 1274 1063 ridentur.

265 1137 300 1178 oc
406 1111 519 1176 Paullo
547 1109 735 1194 diligentius
764 1108 944 1173 enarranda
967 1128 1036 1172 esse
1060 1103 1224 1172 Ciceronis
1248 1105 1347 1170 verba
1369 1109 1458 1188 puta·

315 1219 420 1283 vimus
453 1239 549 1302 quam
582 1217 704 1280 factum
738 1219 787 1282 est
826 1237 845 1279 a
877 1213 1022 1279 humano
1057 1211 1249 1296 Speciminis
1286 1211 1391 1276 critici
1427 1212 1461 1276 in

315 1325 469 1389 Plautum
492 1328 525 1388 et
546 1323 743 1406 Terentium,
767 1321 851 1406 quod
874 1319 1110 1385 Amstelodami
1134 1341 1162 1385 a.
1185 1336 1460 1385 molocccxxxxv

317 1429 429 1514 edidit,
460 1453 491 1513 p.
516 1430 555 1494 21
581 1433 614 1494 et
638 1429 693 1494 25:
726 1428 782 1492 ubi
811 1434 920 1492 tamen
948 1426 987 1491 de
1015 1426 1107 1491 hiatu
1136 1426 1266 1490 saniora
1295 1425 1461 1510 praecepit

316 1558 413 1619 qnam
446 1541 522 1618 post
549 1535 732 1601 Bentleium
766 1539 798 1600 et
826 1533 1049 1598 Hermannum
1083 1555 1102 1596 a
1135 1553 1299 1617 quoquam
1332 1532 1461 1615 prolata

317 1641 392 1709 vidi.
437 1639 589 1707 Ceterum
618 1664 677 1707 nec
704 1643 856 1708 vitiosum
885 1645 917 1704 et
943 1639 1241 1724 frequentissimum
1269 1638 1362 1703 illum
1391 1661 1461 1705 esse

318 1748 442 1812 hiatum
466 1749 551 1813 inter
575 1770 685 1813 omnes
709 1752 853 1832 constat,
886 1769 960 1812 cum
984 1744 1226 1828 monosyllabae
1251 1765 1360 1828 voces,
1395 1747 1463 1810 sive

318 1855 352 1920 in
370 1855 502 1940 longam
522 1853 723 1940 vocalem**)
743 1855 810 1918 sive
832 1855 867 1918 in
890 1875 922 1917 m
946 1856 1178 1918 consonantem
1203 1855 1364 1936 exeuntes,
1388 1853 1463 1917 dum

319 1963 461 2045 priorem
485 1961 646 2045 syllabam
670 1962 796 2026 solutae
825 1961 859 2025 in
883 1960 962 2026 duas
986 1959 1100 2024 breves
1125 1958 1209 2024 arsis
1233 1956 1390 2042 efficiunt,
1414 1979 1464 2022 ac·

318 2072 413 2135 centu
437 2070 583 2134 intensae
607 2069 836 2152 corripiuntur.
874 2066 966 2144 Quod
990 2087 1092 2152 genus
1116 2065 1225 2130 hiatus
1248 2070 1317 2129 tam
1341 2068 1462 2130 certam

318 2175 353 2240 in
371 2175 473 2240 reteri
497 2175 587 2258 poesi
606 2173 796 2241 Latinorum
818 2174 907 2239 omni
926 2173 1036 2238 sedem
1054 2171 1172 2236 habuit
1189 2175 1365 2256 tantaeque
1384 2171 1464 2255 ipsis

318 2281 424 2366 poetis
448 2282 610 2365 voluptati
635 2282 734 2346 fuisse
758 2280 898 2363 ridetur,
927 2285 964 2344 ut
995 2279 1094 2343 etiam
1116 2278 1174 2341 ubi
1198 2277 1265 2341 eius
1289 2277 1464 2343 necessitas

319 2387 410 2452 nulla
433 2391 531 2470 esset,
559 2391 670 2452 tamen
697 2386 889 2472 liquescenti
912 2385 1073 2451 vocalium
1097 2383 1356 2469 pronuntiationi
1378 2383 1465 2448 haud

320 2496 509 2559 cunctanter
528 2492 747 2577 praetulerim,
764 2493 861 2578 idque
880 2515 917 2558 eo
937 2491 1158 2574 confidentius,
1177 2491 1262 2574 quod
1282 2513 1320 2554 ea
1339 2491 1464 2555 ratione

321 2600 418 2665 simul
444 2600 564 2665 licebat
591 2601 687 2685 louge
717 2599 965 2665 usitatissimam
993 2598 1045 2662 illc
1070 2597 1124 2661 istc
1146 2617 1207 2662 csse
1235 2596 1465 2662 vocabulorum

320 2707 556 2790 correptionem
576 2703 793 2793 serrare***):
817 2727 892 2770 nam
912 2706 992 2770 talia
1011 2708 1096 2788 suut,
1120 2723 1202 2787 quae
1225 2703 1315 2767 illam
1339 2725 1465 2769 mensu-

320 2836 375 2878 rae
404 2813 654 2898 ambiguitatem
683 2813 866 2877 admittant.
911 2811 1001 2896 Ergo
1030 2833 1103 2876 cum
1127 2830 1184 2892 per
1207 2831 1240 2873 ee
1264 2810 1345 2874 nihil
1368 2811 1465 2876 iuter·

321 2922 378 3005 sit,
404 2941 493 3004 quem
519 2921 581 2985 e‘ssc
607 2921 785 3002 corruptum
811 2921 897 2983 uides
922 2919 981 2999 [sic
1004 2915 1118 2998 Trin.²]
1144 2941 1186 2982 au
1209 2918 1298 2999 parcior
1320 2939 1382 2983 csso
1404 2939 1465 2982 cor·

320 3027 447 3109 ruptum
469 3027 555 3091 otides
578 3049 606 3090 v.
633 3027 695 3090 116
719 3026 922 3109 pronunties,
956 3024 1017 3088 hoc
1040 3028 1149 3088 tamen
1174 3024 1278 3087 visum
1303 3028 1352 3088 est
1375 3044 1466 3122 prae2

321 3133 490 3198 ferendum
514 3154 594 3217 esse,
617 3132 792 3215 eademque
815 3132 941 3196 ratione
964 3131 1034 3194 eum
1054 3131 1124 3213 illis,
1147 3152 1214 3194 non
1231 3151 1299 3194 curru
1320 3129 1385 3194 illis
1404 3129 1465 3209 [sic

322 3237 436 3322 Triu.²]
462 3263 489 3304 v.
505 3240 579 3323 203,
601 3241 675 3304 deiru
698 3239 778 3303 illud
795 3238 870 3322 211,
892 3238 983 3320 quom
1001 3237 1050 3302 illi
1070 3239 1173 3318 [prtem
1191 3233 1369 3316 1111111111]
1391 3236 1466 3320 342,

265 3370 311 3409 cor
325 3347 414 3427 pucha
437 3347 514 3410 estas
537 3344 622 3431 (tui)
653 3347 756 3426 [quem
779 3345 838 3408 libi
860 3345 937 3408 istas
959 3341 1074 3423 heinr]
1100 3345 1178 3426 951,
1205 3343 1295 3425 purim
1319 3343 1371 3407 illc
1392 3343 1467 3406 itast

430 3607 455 3676 *)
475 3607 529 3676 [Gt
549 3607 650 3678 Opnsc.
670 3608 738 3676 phil.
758 3607 796 3661 lll
816 3626 842 3677 p.
860 3614 918 3674 133,
937 3607 985 3661 ubi
1004 3608 1147 3662 onerariae
1165 3607 1254 3662 suasit
1272 3605 1465 3676 Riteohebua]

413 3695 454 3764 1’1)
473 3696 577 3766 Longis
601 3697 745 3751 vocalibus
768 3695 855 3751 etiam
879 3697 1069 3766 diphthongos
1088 3697 1303 3766 comprehensas
1322 3711 1382 3750 esse
1400 3694 1465 3749 volo

324 3787 356 3839 ut
373 3801 443 3855 quoe
460 3787 490 3840 et
507 3786 581 3854 quoi,
599 3785 634 3839 de
654 3785 959 3855 quop.onxx11[414]
978 3783 1092 3839 dictum.
1120 3785 1179 3838 Neo
1198 3784 1316 3840 fortasse
1335 3781 1400 3838 hinc
1419 3799 1463 3838 ex—

323 3873 429 3928 clusam
448 3889 507 3928 esse
526 3889 574 3928 scu
591 3873 760 3943 particulam
779 3871 936 3942 significavi
955 3891 981 3940 p.
1001 3885 1108 3925 cxxxv
1128 3873 1216 3943 [341].

394 3960 452 4031 W)
476 3963 554 4028 Quae
578 3979 633 4016 una
656 3977 755 4016 caussa
779 3960 933 4029 satisfuit,
957 3959 1123 4030 curatiore,
1147 3960 1195 4015 ubi
1213 3960 1306 4016 nullus
1325 3961 1465 4017 vocalium

324 4069 480 4119 concursus,
500 4053 549 4108 sed
568 4051 666 4107 similis
685 4050 885 4122 pronuntiandi
904 4049 1087 4120 ambiguitas,
1106 4051 1253 4120 probarem
1272 4050 1351 4106 velut
1369 4069 1394 4104 v.
1414 4057 1465 4104 311

323 4143 349 4196 si
366 4143 433 4212 quid
461 4142 496 4195 db
519 4143 567 4196 illo
596 4141 731 4209 occeperis
753 4155 821 4209 prae
844 4139 898 4193 hac
921 4157 1052 4195 mensura
1074 4141 1185 4210 siquid
1203 4141 1237 4195 ab
1257 4141 1305 4193 illo
1324 4141 1468 4208 occeperis,

323 4230 392 4285 item
411 4239 437 4283 v.
457 4236 508 4284 311
532 4247 561 4284 eo
576 4233 674 4298 pater:
693 4231 743 4298 pol
760 4231 807 4297 c'po
827 4229 907 4282 istam
925 4245 992 4297 prae
1013 4231 1062 4298 pol
1080 4233 1238 4299 epotatura,
1266 4235 1317 4284 866
1336 4230 1405 4284 mihi
1422 4230 1468 4283 ille

324 4335 392 4388 prae
410 4319 448 4373 mi
466 4319 525 4372 ille:
545 4333 713 4386 quamquam
733 4335 751 4370 a
769 4316 909 4371 sententia
928 4316 974 4371 hic
992 4315 1076 4385 plena
1093 4319 1161 4372 mihi
1179 4319 1271 4374 lorma
1284 4335 1341 4373 non
1353 4321 1386 4373 ut
1399 4317 1468 4374 alibi

325 4406 484 4474 requiritur,
503 4423 526 4461 e.
542 4424 566 4461 c.
582 4423 608 4460 v.
619 4411 670 4460 588
689 4405 718 4460 in
737 4405 828 4460 verbis
845 4407 1025 4474 potissumum
1045 4407 1111 4460 mihi
1124 4408 1155 4460 id
1168 4407 1246 4473 obsit,
1264 4406 1313 4461 ubi
1332 4407 1468 4462 absonum

326 4493 363 4547 sit
382 4492 545 4548 delitescere
563 4491 737 4563 pronominis
756 4491 907 4547 notionem.
