<?xml version="1.0" encoding="UTF-8"?>
<!DOCTYPE html PUBLIC "-//W3C//DTD XHTML 1.0 Transitional//EN"
    "http://www.w3.org/TR/xhtml1/DTD/xhtml1-transitional.dtd">
<html xmlns="http://www.w3.org/1999/xhtml" xml:lang="en" lang="en">
 <head>
  <title>
</title>
<meta http-equiv="Content-Type" content="text/html;charset=utf-8" />
  <meta name='ocr-system' content='tesseract 3.04.00' />
  <meta name='ocr-capabilities' content='ocr_page ocr_carea ocr_par ocr_line ocrx_word'/>
</head>
<body>
  <div class='ocr_page' id='page_1' title='image "./fridericiritsch07wachgoog_0694.png"; bbox 0 0 3302 5076; ppageno 0'>
   <div class='ocr_carea' id='block_1_1' title="bbox 575 405 1334 468">
    <p class='ocr_par' dir='ltr' id='par_1_1' title="bbox 575 405 1334 468">
     <span class='ocr_line' id='line_1_1' title="bbox 575 405 1334 468; baseline 0 -2"><span class='ocrx_word' id='word_1_1' title='bbox 575 419 810 468; x_wconf 80' lang='lat' dir='ltr'><strong>nurnuuscua</strong></span> <span class='ocrx_word' id='word_1_2' title='bbox 834 419 959 466; x_wconf 81' lang='lat' dir='ltr'><strong>sunan.</strong></span> <span class='ocrx_word' id='word_1_3' title='bbox 1272 405 1334 466; x_wconf 76' lang='lat'><strong>677</strong></span> 
     </span>
    </p>
   </div>
   <div class='ocr_carea' id='block_1_2' title="bbox 160 561 1396 4588">
    <p class='ocr_par' dir='ltr' id='par_1_2' title="bbox 191 561 1336 968">
     <span class='ocr_line' id='line_1_2' title="bbox 193 561 1336 649; baseline -0.002 -21"><span class='ocrx_word' id='word_1_4' title='bbox 193 567 299 628; x_wconf 86' lang='lat' dir='ltr'><strong>autem</strong></span> <span class='ocrx_word' id='word_1_5' title='bbox 325 584 476 649; x_wconf 82' lang='lat' dir='ltr'><strong>quaerere</strong></span> <span class='ocrx_word' id='word_1_6' title='bbox 500 562 586 646; x_wconf 90' lang='lat' dir='ltr'><strong>licat,</strong></span> <span class='ocrx_word' id='word_1_7' title='bbox 610 562 685 646; x_wconf 93' lang='lat' dir='ltr'><strong>quid</strong></span> <span class='ocrx_word' id='word_1_8' title='bbox 711 561 753 626; x_wconf 89' lang='lat' dir='ltr'><strong>sit</strong></span> <span class='ocrx_word' id='word_1_9' title='bbox 775 583 832 627; x_wconf 88' lang='lat' dir='ltr'><strong>cur</strong></span> <span class='ocrx_word' id='word_1_10' title='bbox 854 583 919 627; x_wconf 91' lang='lat' dir='ltr'><strong>non</strong></span> <span class='ocrx_word' id='word_1_11' title='bbox 943 562 1052 627; x_wconf 87' lang='lat' dir='ltr'><strong>eadem</strong></span> <span class='ocrx_word' id='word_1_12' title='bbox 1078 563 1187 647; x_wconf 87' lang='lat' dir='ltr'><strong>parari</strong></span> <span class='ocrx_word' id='word_1_13' title='bbox 1207 564 1247 627; x_wconf 92' lang='lat' dir='ltr'><strong>ab</strong></span> <span class='ocrx_word' id='word_1_14' title='bbox 1267 563 1336 627; x_wconf 89' lang='lat' dir='ltr'><strong>uui-</strong></span> 
     </span>
     <span class='ocr_line' id='line_1_3' title="bbox 192 668 1334 754; baseline -0.002 -20"><span class='ocrx_word' id='word_1_15' title='bbox 192 669 403 735; x_wconf 87' lang='lat' dir='ltr'><strong>versitatibus</strong></span> <span class='ocrx_word' id='word_1_16' title='bbox 426 669 496 753; x_wconf 90' lang='lat' dir='ltr'><strong>pari</strong></span> <span class='ocrx_word' id='word_1_17' title='bbox 521 691 670 734; x_wconf 88' lang='lat' dir='ltr'><strong>successu</strong></span> <span class='ocrx_word' id='word_1_18' title='bbox 693 670 874 753; x_wconf 89' lang='lat' dir='ltr'><strong>potuerint,</strong></span> <span class='ocrx_word' id='word_1_19' title='bbox 901 669 1093 754; x_wconf 86' lang='lat' dir='ltr'><strong>praesertim</strong></span> <span class='ocrx_word' id='word_1_20' title='bbox 1124 689 1197 733; x_wconf 92' lang='lat' dir='ltr'><strong>cum</strong></span> <span class='ocrx_word' id='word_1_21' title='bbox 1221 690 1259 732; x_wconf 87' lang='lat' dir='ltr'><strong>ex</strong></span> <span class='ocrx_word' id='word_1_22' title='bbox 1283 668 1334 733; x_wconf 90' lang='lat' dir='ltr'><strong>his</strong></span> 
     </span>
     <span class='ocr_line' id='line_1_4' title="bbox 191 773 1336 859; baseline -0.003 -18"><span class='ocrx_word' id='word_1_23' title='bbox 191 777 332 841; x_wconf 88' lang='lat' dir='ltr'><strong>artifices</strong></span> <span class='ocrx_word' id='word_1_24' title='bbox 356 798 430 840; x_wconf 93' lang='lat' dir='ltr'><strong>suos</strong></span> <span class='ocrx_word' id='word_1_25' title='bbox 454 780 488 840; x_wconf 91' lang='lat' dir='ltr'><strong>et</strong></span> <span class='ocrx_word' id='word_1_26' title='bbox 509 777 639 841; x_wconf 90' lang='lat' dir='ltr'><strong>fictores</strong></span> <span class='ocrx_word' id='word_1_27' title='bbox 663 776 738 842; x_wconf 87' lang='lat' dir='ltr'><strong>illos</strong></span> <span class='ocrx_word' id='word_1_28' title='bbox 762 776 852 859; x_wconf 86' lang='lat' dir='ltr'><strong>ipsae</strong></span> <span class='ocrx_word' id='word_1_29' title='bbox 877 775 1069 859; x_wconf 77' lang='lat' dir='ltr'><strong>academiae,</strong></span> <span class='ocrx_word' id='word_1_30' title='bbox 1093 775 1141 840; x_wconf 92' lang='lat' dir='ltr'><strong>uti</strong></span> <span class='ocrx_word' id='word_1_31' title='bbox 1164 778 1238 839; x_wconf 90' lang='lat' dir='ltr'><strong>ante</strong></span> <span class='ocrx_word' id='word_1_32' title='bbox 1257 773 1336 838; x_wconf 84' lang='lat' dir='ltr'><strong>dixi·</strong></span> 
     </span>
     <span class='ocr_line' id='line_1_5' title="bbox 191 881 1333 968; baseline -0.001 -21"><span class='ocrx_word' id='word_1_33' title='bbox 191 907 271 968; x_wconf 89' lang='lat' dir='ltr'><strong>mus,</strong></span> <span class='ocrx_word' id='word_1_34' title='bbox 300 883 457 948; x_wconf 78' lang='lat' dir='ltr'><strong>asciscere</strong></span> <span class='ocrx_word' id='word_1_35' title='bbox 481 882 718 948; x_wconf 90' lang='lat' dir='ltr'><strong>consueverint:</strong></span> <span class='ocrx_word' id='word_1_36' title='bbox 752 883 847 947; x_wconf 96' lang='lat' dir='ltr'><strong>modo</strong></span> <span class='ocrx_word' id='word_1_37' title='bbox 875 882 909 946; x_wconf 92' lang='lat' dir='ltr'><strong>iu</strong></span> <span class='ocrx_word' id='word_1_38' title='bbox 932 881 1062 947; x_wconf 88' lang='lat' dir='ltr'><strong>illarum</strong></span> <span class='ocrx_word' id='word_1_39' title='bbox 1091 881 1188 946; x_wconf 89' lang='lat' dir='ltr'><strong>iidem</strong></span> <span class='ocrx_word' id='word_1_40' title='bbox 1216 882 1271 966; x_wconf 91' lang='lat' dir='ltr'><strong>qni</strong></span> <span class='ocrx_word' id='word_1_41' title='bbox 1299 882 1333 946; x_wconf 88' lang='lat' dir='ltr'><strong>in</strong></span> 
     </span>
    </p>

    <p class='ocr_par' dir='ltr' id='par_1_3' title="bbox 160 988 1395 1162">
     <span class='ocr_line' id='line_1_6' title="bbox 160 988 1395 1082; baseline -0.002 -27"><span class='ocrx_word' id='word_1_42' title='bbox 160 990 305 1082; x_wconf 27' lang='lat' dir='ltr'><strong>&#39;barum</strong></span> <span class='ocrx_word' id='word_1_43' title='bbox 342 989 581 1054; x_wconf 77' lang='lat' dir='ltr'><strong>lucubrationes</strong></span> <span class='ocrx_word' id='word_1_44' title='bbox 614 993 762 1073; x_wconf 88' lang='lat' dir='ltr'><strong>sumptus</strong></span> <span class='ocrx_word' id='word_1_45' title='bbox 794 989 926 1074; x_wconf 89' lang='lat' dir='ltr'><strong>publica</strong></span> <span class='ocrx_word' id='word_1_46' title='bbox 958 988 1178 1054; x_wconf 86' lang='lat' dir='ltr'><strong>munificentia</strong></span> <span class='ocrx_word' id='word_1_47' title='bbox 1210 989 1333 1073; x_wconf 90' lang='lat' dir='ltr'><strong>impen·</strong></span> <span class='ocrx_word' id='word_1_48' title='bbox 1388 1030 1395 1039; x_wconf 92' lang='lat'>-</span> 
     </span>
     <span class='ocr_line' id='line_1_7' title="bbox 190 1087 1201 1162; baseline 0 -1"><span class='ocrx_word' id='word_1_49' title='bbox 190 1097 317 1162; x_wconf 90' lang='lat' dir='ltr'><strong>dantur.</strong></span> <span class='ocrx_word' id='word_1_50' title='bbox 1199 1087 1201 1091; x_wconf 45' lang='grc'>’</span> 
     </span>
    </p>

    <p class='ocr_par' dir='ltr' id='par_1_4' title="bbox 181 1200 1396 4144">
     <span class='ocr_line' id='line_1_8' title="bbox 281 1200 1334 1286; baseline -0.003 -18"><span class='ocrx_word' id='word_1_51' title='bbox 281 1202 413 1268; x_wconf 91' lang='lat' dir='ltr'><strong>Habent</strong></span> <span class='ocrx_word' id='word_1_52' title='bbox 435 1203 528 1286; x_wconf 88' lang='lat' dir='ltr'><strong>hacc,</strong></span> <span class='ocrx_word' id='word_1_53' title='bbox 561 1224 642 1286; x_wconf 90' lang='lat' dir='ltr'><strong>quae</strong></span> <span class='ocrx_word' id='word_1_54' title='bbox 666 1201 771 1268; x_wconf 91' lang='lat' dir='ltr'><strong>adhuc</strong></span> <span class='ocrx_word' id='word_1_55' title='bbox 794 1200 1048 1286; x_wconf 73' lang='lat' dir='ltr'><strong>disputavimus,</strong></span> <span class='ocrx_word' id='word_1_56' title='bbox 1078 1203 1162 1267; x_wconf 89' lang='lat' dir='ltr'><strong>hanc</strong></span> <span class='ocrx_word' id='word_1_57' title='bbox 1185 1202 1264 1286; x_wconf 90' lang='lat' dir='ltr'><strong>vim,</strong></span> <span class='ocrx_word' id='word_1_58' title='bbox 1297 1206 1334 1266; x_wconf 91' lang='lat' dir='ltr'><strong>ut</strong></span> 
     </span>
     <span class='ocr_line' id='line_1_9' title="bbox 189 1307 1332 1392; baseline -0.002 -18"><span class='ocrx_word' id='word_1_59' title='bbox 189 1333 258 1375; x_wconf 87' lang='lat' dir='ltr'><strong>essa</strong></span> <span class='ocrx_word' id='word_1_60' title='bbox 283 1309 364 1374; x_wconf 87' lang='lat' dir='ltr'><strong>utile</strong></span> <span class='ocrx_word' id='word_1_61' title='bbox 387 1307 625 1374; x_wconf 79' lang='lat' dir='ltr'><strong>academiarum</strong></span> <span class='ocrx_word' id='word_1_62' title='bbox 648 1308 845 1392; x_wconf 91' lang='lat' dir='ltr'><strong>institutum,</strong></span> <span class='ocrx_word' id='word_1_63' title='bbox 868 1331 933 1372; x_wconf 93' lang='lat' dir='ltr'><strong>non</strong></span> <span class='ocrx_word' id='word_1_64' title='bbox 952 1329 1021 1374; x_wconf 90' lang='lat' dir='ltr'><strong>esse</strong></span> <span class='ocrx_word' id='word_1_65' title='bbox 1040 1307 1259 1373; x_wconf 89' lang='lat' dir='ltr'><strong>necessarium</strong></span> <span class='ocrx_word' id='word_1_66' title='bbox 1282 1307 1332 1372; x_wconf 88' lang='lat' dir='ltr'><strong>de-</strong></span> 
     </span>
     <span class='ocr_line' id='line_1_10' title="bbox 189 1414 1332 1501; baseline -0.002 -21"><span class='ocrx_word' id='word_1_67' title='bbox 189 1419 405 1482; x_wconf 89' lang='lat' dir='ltr'><strong>monstratum</strong></span> <span class='ocrx_word' id='word_1_68' title='bbox 436 1415 494 1498; x_wconf 91' lang='lat' dir='ltr'><strong>sit,</strong></span> <span class='ocrx_word' id='word_1_69' title='bbox 522 1419 694 1499; x_wconf 90' lang='lat' dir='ltr'><strong>propterea</strong></span> <span class='ocrx_word' id='word_1_70' title='bbox 717 1415 803 1501; x_wconf 92' lang='lat' dir='ltr'><strong>quod</strong></span> <span class='ocrx_word' id='word_1_71' title='bbox 827 1414 964 1480; x_wconf 88' lang='lat' dir='ltr'><strong>eandem</strong></span> <span class='ocrx_word' id='word_1_72' title='bbox 987 1437 1121 1498; x_wconf 88' lang='lat' dir='ltr'><strong>prorsus</strong></span> <span class='ocrx_word' id='word_1_73' title='bbox 1146 1414 1332 1498; x_wconf 84' lang='lat' dir='ltr'><strong>utilitatem,</strong></span> 
     </span>
     <span class='ocr_line' id='line_1_11' title="bbox 189 1521 1331 1607; baseline -0.002 -19"><span class='ocrx_word' id='word_1_74' title='bbox 189 1527 225 1588; x_wconf 91' lang='lat' dir='ltr'><strong>ut</strong></span> <span class='ocrx_word' id='word_1_75' title='bbox 247 1524 430 1588; x_wconf 89' lang='lat' dir='ltr'><strong>litterarum</strong></span> <span class='ocrx_word' id='word_1_76' title='bbox 454 1523 599 1607; x_wconf 88' lang='lat' dir='ltr'><strong>ipsarum</strong></span> <span class='ocrx_word' id='word_1_77' title='bbox 623 1521 802 1586; x_wconf 92' lang='lat' dir='ltr'><strong>commodis</strong></span> <span class='ocrx_word' id='word_1_78' title='bbox 826 1522 1028 1606; x_wconf 77' lang='lat' dir='ltr'><strong>consulatur,</strong></span> <span class='ocrx_word' id='word_1_79' title='bbox 1060 1522 1180 1586; x_wconf 90' lang='lat' dir='ltr'><strong>babere</strong></span> <span class='ocrx_word' id='word_1_80' title='bbox 1203 1521 1331 1586; x_wconf 87' lang='lat' dir='ltr'><strong>univer-</strong></span> 
     </span>
     <span class='ocr_line' id='line_1_12' title="bbox 188 1627 1331 1713; baseline -0.002 -19"><span class='ocrx_word' id='word_1_81' title='bbox 188 1630 302 1695; x_wconf 88' lang='lat' dir='ltr'><strong>sitates</strong></span> <span class='ocrx_word' id='word_1_82' title='bbox 328 1634 361 1695; x_wconf 92' lang='lat' dir='ltr'><strong>et</strong></span> <span class='ocrx_word' id='word_1_83' title='bbox 385 1630 455 1694; x_wconf 88' lang='lat' dir='ltr'><strong>sine</strong></span> <span class='ocrx_word' id='word_1_84' title='bbox 474 1628 672 1713; x_wconf 88' lang='lat' dir='ltr'><strong>sumptuosis</strong></span> <span class='ocrx_word' id='word_1_85' title='bbox 692 1627 932 1694; x_wconf 87' lang='lat' dir='ltr'><strong>academiarum</strong></span> <span class='ocrx_word' id='word_1_86' title='bbox 952 1628 1144 1713; x_wconf 87' lang='lat' dir='ltr'><strong>ambagibus</strong></span> <span class='ocrx_word' id='word_1_87' title='bbox 1164 1631 1331 1712; x_wconf 88' lang='lat' dir='ltr'><strong>praestare</strong></span> 
     </span>
     <span class='ocr_line' id='line_1_13' title="bbox 187 1734 1396 1822; baseline -0.003 -20"><span class='ocrx_word' id='word_1_88' title='bbox 187 1737 323 1822; x_wconf 81' lang='lat' dir='ltr'><strong>possint</strong></span> <span class='ocrx_word' id='word_1_89' title='bbox 368 1735 465 1802; x_wconf 90' lang='lat' dir='ltr'><strong>Nunc</strong></span> <span class='ocrx_word' id='word_1_90' title='bbox 493 1739 603 1800; x_wconf 89' lang='lat' dir='ltr'><strong>autem</strong></span> <span class='ocrx_word' id='word_1_91' title='bbox 632 1734 762 1819; x_wconf 90' lang='lat' dir='ltr'><strong>longius</strong></span> <span class='ocrx_word' id='word_1_92' title='bbox 792 1735 1062 1821; x_wconf 90' lang='lat' dir='ltr'><strong>progrediendum</strong></span> <span class='ocrx_word' id='word_1_93' title='bbox 1091 1739 1142 1800; x_wconf 88' lang='lat' dir='ltr'><strong>est</strong></span> <span class='ocrx_word' id='word_1_94' title='bbox 1165 1739 1197 1798; x_wconf 90' lang='lat' dir='ltr'><strong>et</strong></span> <span class='ocrx_word' id='word_1_95' title='bbox 1219 1735 1331 1818; x_wconf 90' lang='lat' dir='ltr'><strong>firmis,</strong></span> <span class='ocrx_word' id='word_1_96' title='bbox 1394 1775 1396 1780; x_wconf 83' lang='lat'><em>.</em></span> 
     </span>
     <span class='ocr_line' id='line_1_14' title="bbox 187 1841 1331 1926; baseline -0.003 -18"><span class='ocrx_word' id='word_1_97' title='bbox 187 1849 224 1909; x_wconf 91' lang='lat' dir='ltr'><strong>ut</strong></span> <span class='ocrx_word' id='word_1_98' title='bbox 246 1843 340 1908; x_wconf 92' lang='lat' dir='ltr'><strong>nobis</strong></span> <span class='ocrx_word' id='word_1_99' title='bbox 365 1841 505 1924; x_wconf 85' lang='lat' dir='ltr'><strong>videtur,</strong></span> <span class='ocrx_word' id='word_1_100' title='bbox 533 1841 735 1926; x_wconf 80' lang='lat' dir='ltr'><strong>argumentis</strong></span> <span class='ocrx_word' id='word_1_101' title='bbox 759 1841 976 1926; x_wconf 87' lang='lat' dir='ltr'><strong>probandum,</strong></span> <span class='ocrx_word' id='word_1_102' title='bbox 1004 1841 1151 1906; x_wconf 85' lang='lat' dir='ltr'><strong>utiliores</strong></span> <span class='ocrx_word' id='word_1_103' title='bbox 1175 1841 1273 1906; x_wconf 88' lang='lat' dir='ltr'><strong>etiam</strong></span> <span class='ocrx_word' id='word_1_104' title='bbox 1297 1842 1331 1905; x_wconf 93' lang='lat' dir='ltr'><strong>in</strong></span> 
     </span>
     <span class='ocr_line' id='line_1_15' title="bbox 187 1947 1329 2035; baseline -0.003 -21"><span class='ocrx_word' id='word_1_105' title='bbox 187 1950 322 2014; x_wconf 88' lang='lat' dir='ltr'><strong>eandem</strong></span> <span class='ocrx_word' id='word_1_106' title='bbox 349 1952 477 2035; x_wconf 89' lang='lat' dir='ltr'><strong>partem</strong></span> <span class='ocrx_word' id='word_1_107' title='bbox 506 1951 604 2032; x_wconf 89' lang='lat' dir='ltr'><strong>atque</strong></span> <span class='ocrx_word' id='word_1_108' title='bbox 632 1948 867 2013; x_wconf 81' lang='lat' dir='ltr'><strong>fructuosiores</strong></span> <span class='ocrx_word' id='word_1_109' title='bbox 898 1947 1071 2013; x_wconf 89' lang='lat' dir='ltr'><strong>academiis</strong></span> <span class='ocrx_word' id='word_1_110' title='bbox 1102 1947 1329 2012; x_wconf 81' lang='lat' dir='ltr'><strong>universitates</strong></span> 
     </span>
     <span class='ocr_line' id='line_1_16' title="bbox 187 2053 1330 2138; baseline -0.002 -20"><span class='ocrx_word' id='word_1_111' title='bbox 187 2056 311 2120; x_wconf 85' lang='lat' dir='ltr'><strong>futuras</strong></span> <span class='ocrx_word' id='word_1_112' title='bbox 341 2077 424 2138; x_wconf 89' lang='lat' dir='ltr'><strong>esse,</strong></span> <span class='ocrx_word' id='word_1_113' title='bbox 459 2055 578 2138; x_wconf 89' lang='lat' dir='ltr'><strong>quippe</strong></span> <span class='ocrx_word' id='word_1_114' title='bbox 606 2075 704 2138; x_wconf 89' lang='lat' dir='ltr'><strong>penes</strong></span> <span class='ocrx_word' id='word_1_115' title='bbox 733 2075 813 2137; x_wconf 91' lang='lat' dir='ltr'><strong>quas</strong></span> <span class='ocrx_word' id='word_1_116' title='bbox 840 2075 906 2118; x_wconf 93' lang='lat' dir='ltr'><strong>non</strong></span> <span class='ocrx_word' id='word_1_117' title='bbox 935 2053 994 2118; x_wconf 91' lang='lat' dir='ltr'><strong>flos</strong></span> <span class='ocrx_word' id='word_1_118' title='bbox 1023 2057 1057 2118; x_wconf 91' lang='lat' dir='ltr'><strong>et</strong></span> <span class='ocrx_word' id='word_1_119' title='bbox 1080 2053 1180 2118; x_wconf 88' lang='lat' dir='ltr'><strong>robur</strong></span> <span class='ocrx_word' id='word_1_120' title='bbox 1202 2057 1330 2118; x_wconf 88' lang='lat' dir='ltr'><strong>tantum</strong></span> 
     </span>
     <span class='ocr_line' id='line_1_17' title="bbox 187 2158 1329 2243; baseline -0.001 -18"><span class='ocrx_word' id='word_1_121' title='bbox 187 2162 384 2242; x_wconf 89' lang='lat' dir='ltr'><strong>litterarum,</strong></span> <span class='ocrx_word' id='word_1_122' title='bbox 416 2159 500 2243; x_wconf 91' lang='lat' dir='ltr'><strong>quod</strong></span> <span class='ocrx_word' id='word_1_123' title='bbox 533 2164 630 2224; x_wconf 92' lang='lat' dir='ltr'><strong>antea</strong></span> <span class='ocrx_word' id='word_1_124' title='bbox 662 2159 951 2241; x_wconf 87' lang='lat' dir='ltr'><strong>contendebamus,</strong></span> <span class='ocrx_word' id='word_1_125' title='bbox 983 2158 1038 2223; x_wconf 91' lang='lat' dir='ltr'><strong>sed</strong></span> <span class='ocrx_word' id='word_1_126' title='bbox 1072 2159 1260 2242; x_wconf 90' lang='lat' dir='ltr'><strong>earundem,</strong></span> <span class='ocrx_word' id='word_1_127' title='bbox 1292 2164 1329 2224; x_wconf 92' lang='lat' dir='ltr'><strong>ut</strong></span> 
     </span>
     <span class='ocr_line' id='line_1_18' title="bbox 187 2264 1328 2350; baseline 0.001 -19"><span class='ocrx_word' id='word_1_128' title='bbox 187 2267 285 2331; x_wconf 86' lang='lat' dir='ltr'><strong>verbo</strong></span> <span class='ocrx_word' id='word_1_129' title='bbox 309 2266 521 2350; x_wconf 88' lang='lat' dir='ltr'><strong>complectar,</strong></span> <span class='ocrx_word' id='word_1_130' title='bbox 544 2268 711 2350; x_wconf 89' lang='lat' dir='ltr'><strong>tamquam</strong></span> <span class='ocrx_word' id='word_1_131' title='bbox 736 2265 785 2328; x_wconf 91' lang='lat' dir='ltr'><strong>vis</strong></span> <span class='ocrx_word' id='word_1_132' title='bbox 809 2265 921 2330; x_wconf 90' lang='lat' dir='ltr'><strong>vitalis</strong></span> <span class='ocrx_word' id='word_1_133' title='bbox 945 2266 998 2330; x_wconf 83' lang='lat' dir='ltr'><strong>sit</strong></span> <span class='ocrx_word' id='word_1_134' title='bbox 1044 2264 1196 2331; x_wconf 82' lang='lat' dir='ltr'><strong>Cernitur</strong></span> <span class='ocrx_word' id='word_1_135' title='bbox 1220 2271 1328 2332; x_wconf 89' lang='lat' dir='ltr'><strong>autem</strong></span> 
     </span>
     <span class='ocr_line' id='line_1_19' title="bbox 188 2370 1327 2454; baseline 0.002 -17"><span class='ocrx_word' id='word_1_136' title='bbox 188 2373 266 2437; x_wconf 90' lang='lat' dir='ltr'><strong>baec</strong></span> <span class='ocrx_word' id='word_1_137' title='bbox 288 2371 379 2437; x_wconf 88' lang='lat' dir='ltr'><strong>nulla</strong></span> <span class='ocrx_word' id='word_1_138' title='bbox 403 2371 467 2436; x_wconf 90' lang='lat' dir='ltr'><strong>alia</strong></span> <span class='ocrx_word' id='word_1_139' title='bbox 490 2371 524 2436; x_wconf 92' lang='lat' dir='ltr'><strong>in</strong></span> <span class='ocrx_word' id='word_1_140' title='bbox 548 2393 591 2454; x_wconf 90' lang='lat' dir='ltr'><strong>re,</strong></span> <span class='ocrx_word' id='word_1_141' title='bbox 615 2371 679 2435; x_wconf 92' lang='lat' dir='ltr'><strong>uisi</strong></span> <span class='ocrx_word' id='word_1_142' title='bbox 698 2370 784 2454; x_wconf 91' lang='lat' dir='ltr'><strong>quod</strong></span> <span class='ocrx_word' id='word_1_143' title='bbox 803 2372 838 2435; x_wconf 92' lang='lat' dir='ltr'><strong>in</strong></span> <span class='ocrx_word' id='word_1_144' title='bbox 857 2371 1125 2437; x_wconf 83' lang='lat' dir='ltr'><strong>universitatibus</strong></span> <span class='ocrx_word' id='word_1_145' title='bbox 1143 2373 1327 2439; x_wconf 90' lang='lat' dir='ltr'><strong>litterarum</strong></span> 
     </span>
     <span class='ocr_line' id='line_1_20' title="bbox 185 2478 1328 2546; baseline 0.002 -2"><span class='ocrx_word' id='word_1_146' title='bbox 185 2479 339 2544; x_wconf 90' lang='lat' dir='ltr'><strong>tractatio</strong></span> <span class='ocrx_word' id='word_1_147' title='bbox 364 2483 491 2544; x_wconf 87' lang='lat' dir='ltr'><strong>etcum</strong></span> <span class='ocrx_word' id='word_1_148' title='bbox 515 2479 601 2544; x_wconf 90' lang='lat' dir='ltr'><strong>vitae</strong></span> <span class='ocrx_word' id='word_1_149' title='bbox 624 2478 735 2542; x_wconf 90' lang='lat' dir='ltr'><strong>usibus</strong></span> <span class='ocrx_word' id='word_1_150' title='bbox 761 2482 793 2542; x_wconf 89' lang='lat' dir='ltr'><strong>et</strong></span> <span class='ocrx_word' id='word_1_151' title='bbox 817 2500 889 2543; x_wconf 92' lang='lat' dir='ltr'><strong>cum</strong></span> <span class='ocrx_word' id='word_1_152' title='bbox 912 2478 1126 2544; x_wconf 89' lang='lat' dir='ltr'><strong>adolescentis</strong></span> <span class='ocrx_word' id='word_1_153' title='bbox 1150 2480 1328 2546; x_wconf 89' lang='lat' dir='ltr'><strong>iuventutis</strong></span> 
     </span>
     <span class='ocr_line' id='line_1_21' title="bbox 185 2585 1327 2672; baseline 0.001 -20"><span class='ocrx_word' id='word_1_154' title='bbox 185 2586 410 2652; x_wconf 90' lang='lat' dir='ltr'><strong>communione</strong></span> <span class='ocrx_word' id='word_1_155' title='bbox 434 2587 529 2671; x_wconf 91' lang='lat' dir='ltr'><strong>longe</strong></span> <span class='ocrx_word' id='word_1_156' title='bbox 554 2585 768 2650; x_wconf 90' lang='lat' dir='ltr'><strong>saluberrimo</strong></span> <span class='ocrx_word' id='word_1_157' title='bbox 792 2586 918 2651; x_wconf 87' lang='lat' dir='ltr'><strong>vinculo</strong></span> <span class='ocrx_word' id='word_1_158' title='bbox 942 2586 1140 2670; x_wconf 87' lang='lat' dir='ltr'><strong>continetur,</strong></span> <span class='ocrx_word' id='word_1_159' title='bbox 1168 2589 1327 2672; x_wconf 87' lang='lat' dir='ltr'><strong>aquibus</strong></span> 
     </span>
     <span class='ocr_line' id='line_1_22' title="bbox 185 2691 1327 2786; baseline 0.001 -28"><span class='ocrx_word' id='word_1_160' title='bbox 185 2692 376 2786; x_wconf 87' lang='lat' dir='ltr'><strong>longissime</strong></span> <span class='ocrx_word' id='word_1_161' title='bbox 411 2691 584 2756; x_wconf 87' lang='lat' dir='ltr'><strong>abhorrere</strong></span> <span class='ocrx_word' id='word_1_162' title='bbox 617 2691 853 2756; x_wconf 87' lang='lat' dir='ltr'><strong>academiarum</strong></span> <span class='ocrx_word' id='word_1_163' title='bbox 886 2692 1091 2776; x_wconf 86' lang='lat' dir='ltr'><strong>magnificam</strong></span> <span class='ocrx_word' id='word_1_164' title='bbox 1119 2694 1327 2760; x_wconf 85' lang='lat' dir='ltr'><strong>solitudinem</strong></span> 
     </span>
     <span class='ocr_line' id='line_1_23' title="bbox 185 2799 1326 2885; baseline -0.001 -19"><span class='ocrx_word' id='word_1_165' title='bbox 185 2805 322 2866; x_wconf 87' lang='lat' dir='ltr'><strong>constat.</strong></span> <span class='ocrx_word' id='word_1_166' title='bbox 367 2799 442 2864; x_wconf 94' lang='lat' dir='ltr'><strong>Nou</strong></span> <span class='ocrx_word' id='word_1_167' title='bbox 467 2821 521 2864; x_wconf 90' lang='lat' dir='ltr'><strong>eos</strong></span> <span class='ocrx_word' id='word_1_168' title='bbox 546 2799 618 2864; x_wconf 94' lang='lat' dir='ltr'><strong>dico</strong></span> <span class='ocrx_word' id='word_1_169' title='bbox 642 2799 727 2864; x_wconf 89' lang='lat' dir='ltr'><strong>vitae</strong></span> <span class='ocrx_word' id='word_1_170' title='bbox 752 2821 843 2882; x_wconf 89' lang='lat' dir='ltr'><strong>usus,</strong></span> <span class='ocrx_word' id='word_1_171' title='bbox 873 2801 927 2885; x_wconf 90' lang='lat' dir='ltr'><strong>qui</strong></span> <span class='ocrx_word' id='word_1_172' title='bbox 951 2799 1027 2864; x_wconf 91' lang='lat' dir='ltr'><strong>dum</strong></span> <span class='ocrx_word' id='word_1_173' title='bbox 1051 2800 1091 2864; x_wconf 91' lang='lat' dir='ltr'><strong>ad</strong></span> <span class='ocrx_word' id='word_1_174' title='bbox 1116 2801 1326 2885; x_wconf 86' lang='lat' dir='ltr'><strong>opificicrurn,</strong></span> 
     </span>
     <span class='ocr_line' id='line_1_24' title="bbox 184 2905 1325 2991; baseline 0.001 -20"><span class='ocrx_word' id='word_1_175' title='bbox 184 2906 452 2972; x_wconf 87' lang='lat' dir='ltr'><strong>commerciorum</strong></span> <span class='ocrx_word' id='word_1_176' title='bbox 475 2905 740 2990; x_wconf 82' lang='lat' dir='ltr'><strong>negotiorumque</strong></span> <span class='ocrx_word' id='word_1_177' title='bbox 764 2905 934 2972; x_wconf 89' lang='lat' dir='ltr'><strong>commoda</strong></span> <span class='ocrx_word' id='word_1_178' title='bbox 952 2909 1110 2990; x_wconf 87' lang='lat' dir='ltr'><strong>spectant,</strong></span> <span class='ocrx_word' id='word_1_179' title='bbox 1133 2907 1166 2971; x_wconf 92' lang='lat' dir='ltr'><strong>in</strong></span> <span class='ocrx_word' id='word_1_180' title='bbox 1190 2913 1325 2991; x_wconf 88' lang='lat' dir='ltr'><strong>quaestu</strong></span> 
     </span>
     <span class='ocr_line' id='line_1_25' title="bbox 184 3012 1324 3098; baseline 0.002 -21"><span class='ocrx_word' id='word_1_181' title='bbox 184 3014 338 3097; x_wconf 90' lang='lat' dir='ltr'><strong>lucroque</strong></span> <span class='ocrx_word' id='word_1_182' title='bbox 370 3013 500 3098; x_wconf 88' lang='lat' dir='ltr'><strong>privato</strong></span> <span class='ocrx_word' id='word_1_183' title='bbox 531 3016 700 3078; x_wconf 89' lang='lat' dir='ltr'><strong>versantur</strong></span> <span class='ocrx_word' id='word_1_184' title='bbox 729 3012 826 3097; x_wconf 88' lang='lat' dir='ltr'><strong>inque</strong></span> <span class='ocrx_word' id='word_1_185' title='bbox 855 3012 1005 3078; x_wconf 89' lang='lat' dir='ltr'><strong>humanis</strong></span> <span class='ocrx_word' id='word_1_186' title='bbox 1036 3012 1186 3078; x_wconf 91' lang='lat' dir='ltr'><strong>sordibus</strong></span> <span class='ocrx_word' id='word_1_187' title='bbox 1217 3013 1324 3098; x_wconf 89' lang='lat' dir='ltr'><strong>ipsum</strong></span> 
     </span>
     <span class='ocr_line' id='line_1_26' title="bbox 183 3118 1324 3204; baseline 0.001 -20"><span class='ocrx_word' id='word_1_188' title='bbox 183 3121 279 3184; x_wconf 89' lang='lat' dir='ltr'><strong>finem</strong></span> <span class='ocrx_word' id='word_1_189' title='bbox 308 3119 468 3184; x_wconf 88' lang='lat' dir='ltr'><strong>bonomm</strong></span> <span class='ocrx_word' id='word_1_190' title='bbox 495 3123 665 3204; x_wconf 89' lang='lat' dir='ltr'><strong>quaeruut:</strong></span> <span class='ocrx_word' id='word_1_191' title='bbox 698 3118 754 3183; x_wconf 90' lang='lat' dir='ltr'><strong>sed</strong></span> <span class='ocrx_word' id='word_1_192' title='bbox 783 3119 822 3183; x_wconf 90' lang='lat' dir='ltr'><strong>de</strong></span> <span class='ocrx_word' id='word_1_193' title='bbox 849 3118 890 3183; x_wconf 89' lang='lat' dir='ltr'><strong>iis</strong></span> <span class='ocrx_word' id='word_1_194' title='bbox 918 3119 1041 3203; x_wconf 87' lang='lat' dir='ltr'><strong>cogito,</strong></span> <span class='ocrx_word' id='word_1_195' title='bbox 1072 3121 1127 3204; x_wconf 92' lang='lat' dir='ltr'><strong>qui</strong></span> <span class='ocrx_word' id='word_1_196' title='bbox 1152 3120 1191 3184; x_wconf 87' lang='lat' dir='ltr'><strong>ad</strong></span> <span class='ocrx_word' id='word_1_197' title='bbox 1215 3143 1324 3185; x_wconf 89' lang='lat' dir='ltr'><strong>veram</strong></span> 
     </span>
     <span class='ocr_line' id='line_1_27' title="bbox 185 3225 1324 3312; baseline -0.001 -20"><span class='ocrx_word' id='word_1_198' title='bbox 185 3226 323 3292; x_wconf 87' lang='lat' dir='ltr'><strong>salutem</strong></span> <span class='ocrx_word' id='word_1_199' title='bbox 349 3225 493 3291; x_wconf 90' lang='lat' dir='ltr'><strong>civitatis</strong></span> <span class='ocrx_word' id='word_1_200' title='bbox 517 3225 700 3312; x_wconf 89' lang='lat' dir='ltr'><strong>diriguntur</strong></span> <span class='ocrx_word' id='word_1_201' title='bbox 721 3225 881 3310; x_wconf 89' lang='lat' dir='ltr'><strong>huiusque</strong></span> <span class='ocrx_word' id='word_1_202' title='bbox 906 3225 1069 3308; x_wconf 89' lang='lat' dir='ltr'><strong>sapienter</strong></span> <span class='ocrx_word' id='word_1_203' title='bbox 1092 3226 1264 3310; x_wconf 86' lang='lat' dir='ltr'><strong>curandae,</strong></span> <span class='ocrx_word' id='word_1_204' title='bbox 1288 3227 1324 3291; x_wconf 95' lang='lat' dir='ltr'><strong>li-</strong></span> 
     </span>
     <span class='ocr_line' id='line_1_28' title="bbox 184 3331 1325 3416; baseline 0.002 -20"><span class='ocrx_word' id='word_1_205' title='bbox 184 3332 339 3397; x_wconf 91' lang='lat' dir='ltr'><strong>beraliter</strong></span> <span class='ocrx_word' id='word_1_206' title='bbox 374 3331 663 3416; x_wconf 87' lang='lat' dir='ltr'><strong>administrandae,</strong></span> <span class='ocrx_word' id='word_1_207' title='bbox 695 3331 824 3397; x_wconf 87' lang='lat' dir='ltr'><strong>fortiter</strong></span> <span class='ocrx_word' id='word_1_208' title='bbox 861 3332 1071 3397; x_wconf 86' lang='lat' dir='ltr'><strong>vindicandae</strong></span> <span class='ocrx_word' id='word_1_209' title='bbox 1108 3335 1255 3398; x_wconf 85' lang='lat' dir='ltr'><strong>auctores</strong></span> <span class='ocrx_word' id='word_1_210' title='bbox 1292 3338 1325 3398; x_wconf 88' lang='lat' dir='ltr'><strong>ct</strong></span> 
     </span>
     <span class='ocr_line' id='line_1_29' title="bbox 185 3437 1324 3523; baseline 0.001 -19"><span class='ocrx_word' id='word_1_211' title='bbox 185 3439 344 3522; x_wconf 88' lang='lat' dir='ltr'><strong>custodes,</strong></span> <span class='ocrx_word' id='word_1_212' title='bbox 368 3439 569 3523; x_wconf 89' lang='lat' dir='ltr'><strong>virtutisque,</strong></span> <span class='ocrx_word' id='word_1_213' title='bbox 593 3438 785 3522; x_wconf 88' lang='lat' dir='ltr'><strong>honestatis,</strong></span> <span class='ocrx_word' id='word_1_214' title='bbox 809 3439 966 3522; x_wconf 90' lang='lat' dir='ltr'><strong>veritatis,</strong></span> <span class='ocrx_word' id='word_1_215' title='bbox 988 3437 1211 3523; x_wconf 83' lang='lat' dir='ltr'><strong>humanitatis,</strong></span> <span class='ocrx_word' id='word_1_216' title='bbox 1233 3441 1324 3505; x_wconf 90' lang='lat' dir='ltr'><strong>iusti·</strong></span> 
     </span>
     <span class='ocr_line' id='line_1_30' title="bbox 184 3543 1324 3630; baseline 0.002 -20"><span class='ocrx_word' id='word_1_217' title='bbox 184 3546 249 3610; x_wconf 85' lang='lat' dir='ltr'><strong>tiae</strong></span> <span class='ocrx_word' id='word_1_218' title='bbox 278 3567 367 3610; x_wconf 89' lang='lat' dir='ltr'><strong>acres</strong></span> <span class='ocrx_word' id='word_1_219' title='bbox 395 3548 653 3630; x_wconf 81' lang='lat' dir='ltr'><strong>propugnatores</strong></span> <span class='ocrx_word' id='word_1_220' title='bbox 681 3545 848 3629; x_wconf 83' lang='lat' dir='ltr'><strong>effingunt.</strong></span> <span class='ocrx_word' id='word_1_221' title='bbox 894 3543 966 3609; x_wconf 91' lang='lat' dir='ltr'><strong>Huc</strong></span> <span class='ocrx_word' id='word_1_222' title='bbox 994 3548 1103 3610; x_wconf 88' lang='lat' dir='ltr'><strong>autem</strong></span> <span class='ocrx_word' id='word_1_223' title='bbox 1131 3551 1168 3610; x_wconf 91' lang='lat' dir='ltr'><strong>ut</strong></span> <span class='ocrx_word' id='word_1_224' title='bbox 1194 3545 1324 3612; x_wconf 90' lang='lat' dir='ltr'><strong>litterae</strong></span> 
     </span>
     <span class='ocr_line' id='line_1_31' title="bbox 183 3650 1322 3736; baseline 0.002 -21"><span class='ocrx_word' id='word_1_225' title='bbox 183 3651 327 3734; x_wconf 88' lang='lat' dir='ltr'><strong>valeant,</strong></span> <span class='ocrx_word' id='word_1_226' title='bbox 353 3673 420 3716; x_wconf 92' lang='lat' dir='ltr'><strong>non</strong></span> <span class='ocrx_word' id='word_1_227' title='bbox 447 3651 568 3736; x_wconf 86' lang='lat' dir='ltr'><strong>poterit</strong></span> <span class='ocrx_word' id='word_1_228' title='bbox 597 3673 750 3736; x_wconf 89' lang='lat' dir='ltr'><strong>umquam</strong></span> <span class='ocrx_word' id='word_1_229' title='bbox 774 3650 837 3715; x_wconf 91' lang='lat' dir='ltr'><strong>nisi</strong></span> <span class='ocrx_word' id='word_1_230' title='bbox 860 3651 1046 3716; x_wconf 88' lang='lat' dir='ltr'><strong>consociata</strong></span> <span class='ocrx_word' id='word_1_231' title='bbox 1069 3673 1142 3718; x_wconf 91' lang='lat' dir='ltr'><strong>cum</strong></span> <span class='ocrx_word' id='word_1_232' title='bbox 1165 3651 1322 3717; x_wconf 89' lang='lat' dir='ltr'><strong>meditan-</strong></span> 
     </span>
     <span class='ocr_line' id='line_1_32' title="bbox 184 3757 1323 3844; baseline 0.001 -22"><span class='ocrx_word' id='word_1_233' title='bbox 184 3758 266 3822; x_wconf 92' lang='lat' dir='ltr'><strong>tium</strong></span> <span class='ocrx_word' id='word_1_234' title='bbox 281 3761 314 3823; x_wconf 91' lang='lat' dir='ltr'><strong>et</strong></span> <span class='ocrx_word' id='word_1_235' title='bbox 332 3758 620 3824; x_wconf 82' lang='lat' dir='ltr'><strong>commentantium</strong></span> <span class='ocrx_word' id='word_1_236' title='bbox 639 3757 786 3842; x_wconf 90' lang='lat' dir='ltr'><strong>personis</strong></span> <span class='ocrx_word' id='word_1_237' title='bbox 804 3777 963 3842; x_wconf 89' lang='lat' dir='ltr'><strong>generosa</strong></span> <span class='ocrx_word' id='word_1_238' title='bbox 980 3758 1187 3844; x_wconf 89' lang='lat' dir='ltr'><strong>discendique</strong></span> <span class='ocrx_word' id='word_1_239' title='bbox 1206 3759 1323 3842; x_wconf 90' lang='lat' dir='ltr'><strong>cupida</strong></span> 
     </span>
     <span class='ocr_line' id='line_1_33' title="bbox 181 3863 1321 3951; baseline 0.003 -24"><span class='ocrx_word' id='word_1_240' title='bbox 181 3863 348 3929; x_wconf 86' lang='lat' dir='ltr'><strong>iuventute</strong></span> <span class='ocrx_word' id='word_1_241' title='bbox 372 3863 468 3930; x_wconf 87' lang='lat' dir='ltr'><strong>effici:</strong></span> <span class='ocrx_word' id='word_1_242' title='bbox 493 3866 581 3930; x_wconf 89' lang='lat' dir='ltr'><strong>cuius</strong></span> <span class='ocrx_word' id='word_1_243' title='bbox 606 3865 717 3951; x_wconf 90' lang='lat' dir='ltr'><strong>vigore</strong></span> <span class='ocrx_word' id='word_1_244' title='bbox 742 3869 775 3930; x_wconf 90' lang='lat' dir='ltr'><strong>et</strong></span> <span class='ocrx_word' id='word_1_245' title='bbox 792 3864 993 3949; x_wconf 87' lang='lat' dir='ltr'><strong>ingenuitate</strong></span> <span class='ocrx_word' id='word_1_246' title='bbox 1012 3869 1143 3948; x_wconf 86' lang='lat' dir='ltr'><strong>certam,</strong></span> <span class='ocrx_word' id='word_1_247' title='bbox 1166 3865 1206 3930; x_wconf 88' lang='lat' dir='ltr'><strong>ad</strong></span> <span class='ocrx_word' id='word_1_248' title='bbox 1225 3889 1321 3950; x_wconf 93' lang='lat' dir='ltr'><strong>quam</strong></span> 
     </span>
     <span class='ocr_line' id='line_1_34' title="bbox 182 3970 1321 4057; baseline 0.002 -23"><span class='ocrx_word' id='word_1_249' title='bbox 182 3991 216 4034; x_wconf 87' lang='lat' dir='ltr'><strong>se</strong></span> <span class='ocrx_word' id='word_1_250' title='bbox 240 3970 368 4055; x_wconf 91' lang='lat' dir='ltr'><strong>dirigat,</strong></span> <span class='ocrx_word' id='word_1_251' title='bbox 391 3992 538 4037; x_wconf 91' lang='lat' dir='ltr'><strong>normam</strong></span> <span class='ocrx_word' id='word_1_252' title='bbox 561 3976 658 4037; x_wconf 85' lang='lat' dir='ltr'><strong>nacta</strong></span> <span class='ocrx_word' id='word_1_253' title='bbox 681 3972 856 4036; x_wconf 87' lang='lat' dir='ltr'><strong>revirescat</strong></span> <span class='ocrx_word' id='word_1_254' title='bbox 879 3992 1007 4055; x_wconf 88' lang='lat' dir='ltr'><strong>semper</strong></span> <span class='ocrx_word' id='word_1_255' title='bbox 1029 3976 1252 4057; x_wconf 89' lang='lat' dir='ltr'><strong>recreeturque</strong></span> <span class='ocrx_word' id='word_1_256' title='bbox 1276 3972 1321 4036; x_wconf 89' lang='lat' dir='ltr'><strong>fa-</strong></span> 
     </span>
     <span class='ocr_line' id='line_1_35' title="bbox 182 4075 618 4144; baseline 0.011 -6"><span class='ocrx_word' id='word_1_257' title='bbox 182 4075 250 4139; x_wconf 86' lang='lat' dir='ltr'><strong>cile</strong></span> <span class='ocrx_word' id='word_1_258' title='bbox 266 4098 439 4143; x_wconf 88' lang='lat' dir='ltr'><strong>canescens</strong></span> <span class='ocrx_word' id='word_1_259' title='bbox 462 4078 618 4144; x_wconf 87' lang='lat' dir='ltr'><strong>doctrina.</strong></span> 
     </span>
    </p>

    <p class='ocr_par' dir='ltr' id='par_1_5' title="bbox 179 4181 1369 4588">
     <span class='ocr_line' id='line_1_36' title="bbox 270 4181 1321 4269; baseline 0.002 -22"><span class='ocrx_word' id='word_1_260' title='bbox 270 4181 353 4258; x_wconf 81' lang='lat' dir='ltr'><strong>Quid</strong></span> <span class='ocrx_word' id='word_1_261' title='bbox 381 4183 512 4248; x_wconf 79' lang='lat' dir='ltr'><strong>autem?</strong></span> <span class='ocrx_word' id='word_1_262' title='bbox 548 4205 654 4247; x_wconf 89' lang='lat' dir='ltr'><strong>nonne</strong></span> <span class='ocrx_word' id='word_1_263' title='bbox 683 4184 715 4248; x_wconf 88' lang='lat' dir='ltr'><strong>id</strong></span> <span class='ocrx_word' id='word_1_264' title='bbox 742 4185 848 4268; x_wconf 90' lang='lat' dir='ltr'><strong>ipsum</strong></span> <span class='ocrx_word' id='word_1_265' title='bbox 878 4185 984 4269; x_wconf 89' lang='lat' dir='ltr'><strong>questi</strong></span> <span class='ocrx_word' id='word_1_266' title='bbox 1012 4205 1122 4248; x_wconf 92' lang='lat' dir='ltr'><strong>sumus</strong></span> <span class='ocrx_word' id='word_1_267' title='bbox 1151 4184 1192 4248; x_wconf 89' lang='lat' dir='ltr'><strong>ab</strong></span> <span class='ocrx_word' id='word_1_268' title='bbox 1217 4183 1321 4267; x_wconf 91' lang='lat' dir='ltr'><strong>initio,</strong></span> 
     </span>
     <span class='ocr_line' id='line_1_37' title="bbox 180 4288 1369 4374; baseline 0 -22"><span class='ocrx_word' id='word_1_269' title='bbox 180 4288 266 4372; x_wconf 91' lang='lat' dir='ltr'><strong>quod</strong></span> <span class='ocrx_word' id='word_1_270' title='bbox 295 4289 393 4354; x_wconf 90' lang='lat' dir='ltr'><strong>nimis</strong></span> <span class='ocrx_word' id='word_1_271' title='bbox 422 4290 507 4354; x_wconf 87' lang='lat' dir='ltr'><strong>inter</strong></span> <span class='ocrx_word' id='word_1_272' title='bbox 537 4311 571 4354; x_wconf 91' lang='lat' dir='ltr'><strong>se</strong></span> <span class='ocrx_word' id='word_1_273' title='bbox 601 4288 781 4355; x_wconf 88' lang='lat' dir='ltr'><strong>dissideant</strong></span> <span class='ocrx_word' id='word_1_274' title='bbox 811 4291 939 4356; x_wconf 88' lang='lat' dir='ltr'><strong>litteras</strong></span> <span class='ocrx_word' id='word_1_275' title='bbox 969 4289 1104 4355; x_wconf 89' lang='lat' dir='ltr'><strong>docendi</strong></span> <span class='ocrx_word' id='word_1_276' title='bbox 1127 4289 1319 4374; x_wconf 84' lang='lat' dir='ltr'><strong>easdemque</strong></span> <span class='ocrx_word' id='word_1_277' title='bbox 1334 4311 1369 4352; x_wconf 80' lang='lat' dir='ltr'><strong>ur</strong></span> 
     </span>
     <span class='ocr_line' id='line_1_38' title="bbox 179 4395 1320 4482; baseline 0.002 -24"><span class='ocrx_word' id='word_1_278' title='bbox 179 4395 345 4460; x_wconf 84' lang='lat' dir='ltr'><strong>excolendi</strong></span> <span class='ocrx_word' id='word_1_279' title='bbox 372 4417 519 4480; x_wconf 91' lang='lat' dir='ltr'><strong>munera,</strong></span> <span class='ocrx_word' id='word_1_280' title='bbox 548 4417 645 4481; x_wconf 88' lang='lat' dir='ltr'><strong>quam</strong></span> <span class='ocrx_word' id='word_1_281' title='bbox 672 4418 755 4481; x_wconf 89' lang='lat' dir='ltr'><strong>quae</strong></span> <span class='ocrx_word' id='word_1_282' title='bbox 784 4397 854 4461; x_wconf 90' lang='lat' dir='ltr'><strong>sine</strong></span> <span class='ocrx_word' id='word_1_283' title='bbox 881 4397 1026 4482; x_wconf 87' lang='lat' dir='ltr'><strong>ipsarum</strong></span> <span class='ocrx_word' id='word_1_284' title='bbox 1055 4395 1247 4460; x_wconf 89' lang='lat' dir='ltr'><strong>detrimento</strong></span> <span class='ocrx_word' id='word_1_285' title='bbox 1274 4397 1320 4460; x_wconf 90' lang='lat' dir='ltr'><strong>ni-</strong></span> 
     </span>
     <span class='ocr_line' id='line_1_39' title="bbox 180 4500 1321 4588; baseline 0.001 -22"><span class='ocrx_word' id='word_1_286' title='bbox 180 4503 311 4588; x_wconf 86' lang='lat' dir='ltr'><strong>mioque</strong></span> <span class='ocrx_word' id='word_1_287' title='bbox 330 4501 381 4568; x_wconf 87' lang='lat' dir='ltr'><strong>vel</strong></span> <span class='ocrx_word' id='word_1_288' title='bbox 399 4501 584 4568; x_wconf 89' lang='lat' dir='ltr'><strong>docentium</strong></span> <span class='ocrx_word' id='word_1_289' title='bbox 601 4501 654 4568; x_wconf 85' lang='lat' dir='ltr'><strong>vel</strong></span> <span class='ocrx_word' id='word_1_290' title='bbox 673 4501 885 4568; x_wconf 90' lang='lat' dir='ltr'><strong>scribentium</strong></span> <span class='ocrx_word' id='word_1_291' title='bbox 904 4501 1134 4587; x_wconf 89' lang='lat' dir='ltr'><strong>impedimento</strong></span> <span class='ocrx_word' id='word_1_292' title='bbox 1154 4500 1321 4568; x_wconf 90' lang='lat' dir='ltr'><strong>commode</strong></span> 
     </span>
    </p>
   </div>
   <div class='ocr_carea' id='block_1_3' title="bbox 0 0 1656 5076">
    <p class='ocr_par' dir='ltr' id='par_1_6' title="bbox 0 0 1656 5076">
     <span class='ocr_line' id='line_1_40' title="bbox 0 0 1656 5076; baseline 0 4"><span class='ocrx_word' id='word_1_293' title='bbox 0 0 1656 5076; x_wconf 95' lang='lat' dir='ltr'><strong> </strong></span> 
     </span>
    </p>
   </div>
  </div>
 </body>
</html>
