3306 5070
508 510 514 522 ,
576 460 803 508 nararmscnn
828 461 954 508 annau.
1273 446 1336 508 679

194 603 314 687 pliores
338 606 470 668 suntet
493 603 731 688 locupletiores,
754 625 791 668 eo
816 625 893 668 sane
916 608 949 669 et
972 605 1062 688 optio
1085 604 1219 668 liberior
1238 609 1270 668 et
1288 604 1336 668 in-

195 709 319 795 signior
347 710 516 776 nominum
545 708 710 794 splendor:
748 731 811 795 quo
840 710 867 774 si
891 709 1014 775 accedit
1037 710 1145 775 lautus
1169 709 1336 776 doctrinae

195 820 386 901 apparatus,
412 837 478 882 non
505 821 644 901 possunt
670 816 747 882 hinc
776 838 841 882 non
868 816 991 882 fructus
1014 816 1048 883 in
1072 817 1199 882 litteras
1222 816 1336 881 redun-

193 923 270 988 dare
293 945 366 989 raro
391 924 538 1009 exemplo
562 925 735 1009 praeclari,
763 928 796 990 et
823 923 965 1009 dignitas
987 925 1078 989 nasci
1102 925 1183 989 bens
1207 922 1336 988 merito·

193 1051 265 1095 rum
293 1029 501 1096 multitudine
529 1031 676 1116 quaesita
707 1053 865 1117 ueraeque
898 1031 1028 1096 uirtutis
1062 1031 1156 1096 laude
1190 1031 1335 1096 affluens.

193 1135 256 1202 Sed
279 1137 363 1203 hanc
387 1137 513 1202 laudem
531 1131 615 1202 'dum
638 1138 794 1222 minores,
822 1159 902 1223 quas
926 1135 1236 1220 commendavimus,
1264 1159 1335 1202 aca-

193 1244 317 1309 demiae
350 1243 613 1326 aemulabuntur,
644 1266 709 1310 non
741 1245 804 1310 erit
835 1243 981 1328 profecto
1014 1244 1099 1328 quod
1130 1243 1182 1308 vel
1215 1245 1334 1310 iustam

192 1351 330 1435 gloriam
354 1355 522 1436 tamquam
545 1371 718 1436 germanae
741 1355 821 1414 natu
844 1350 960 1415 maiori
984 1350 1152 1415 invideant
1174 1350 1224 1414 vel
1249 1350 1335 1415 debi-

192 1461 260 1522 tam
297 1457 325 1522 ei
363 1458 622 1543 praerogativam
654 1458 814 1542 denegare
848 1457 994 1522 animum
1026 1456 1191 1521 inducant.
1245 1457 1334 1521 Talis

192 1569 301 1631 autern
323 1563 569 1649 praerogativae
593 1564 663 1628 iura
681 1567 714 1626 et
732 1563 847 1629 decora
866 1563 983 1648 quibus
1004 1563 1147 1628 consiliis
1167 1563 1335 1650 dirigenda

192 1672 373 1756 quibusque
396 1671 515 1736 finibus
538 1669 829 1735 circumscribendo
852 1691 922 1736 csse
941 1670 1119 1754 videantur,
1143 1692 1208 1736 non
1227 1671 1332 1757 magis

191 1782 241 1842 est
263 1777 360 1842 huius
385 1778 448 1842 loci
471 1775 631 1861 persequi,
654 1798 749 1862 quam
773 1777 914 1863 reliquas
937 1781 1046 1862 partes
1070 1777 1262 1861 adornandi,
1285 1777 1331 1841 di·
1346 1801 1367 1840 x

192 1883 340 1968 gerendi,
373 1883 621 1947 administrandi
654 1883 721 1947 eius
754 1883 898 1948 instituti
921 1883 1113 1969 singillatim
1142 1883 1332 1967 describere,

190 1991 281 2056 cuius
305 1989 387 2054 nihil
409 1989 473 2054 nisi
498 2011 657 2054 summam
681 1989 843 2074 quand-am
866 1989 1028 2055 voluimus
1052 1989 1254 2080 populariter
1278 1989 1331 2055 ad·

190 2098 341 2162 umbrare
366 2100 399 2161 et
422 2097 487 2162 vim
510 2097 695 2162 universam
719 2096 911 2182 significare.

279 2203 484 2268 Revertimur
505 2203 606 2287 igitur
629 2201 712 2266 unde
734 2201 841 2267 exorsi
864 2224 986 2286 sumus,
1009 2202 1137 2268 adeius
1157 2221 1330 2272 rumonus

190 2309 429 2374 sanctissimam
457 2309 728 2396 recordationem,
759 2309 809 2374 cui
838 2311 871 2374 et
898 2309 1045 2374 inclitam
1073 2310 1269 2375 academiam
1298 2317 1331 2374 et

189 2439 252 2482 non
284 2417 388 2481 minus
417 2415 546 2481 inclitas
574 2416 804 2482 universitates
833 2438 908 2480 suas
936 2421 1005 2481 tam
1034 2438 1104 2480 esse
1134 2416 1220 2482 cordi
1249 2417 1330 2482 scia-

189 2547 275 2608 mus,
303 2523 380 2588 hinc
403 2527 440 2587 ut
462 2522 642 2608 gratissimi
667 2523 768 2588 animi
789 2521 985 2588 testificandi
1009 2545 1123 2588 caussa
1146 2524 1330 2609 locupletis·

188 2631 271 2695 sima
293 2630 471 2696 hauriatur.
503 2630 598 2695 Faxit
621 2629 722 2715 igitur
739 2629 826 2695 Deus
847 2629 998 2714 Optimus
1022 2627 1191 2714 Maximus,
1215 2635 1251 2694 ut
1274 2653 1330 2714 per

187 2737 416 2821 longissimum
449 2758 606 2803 annorum
641 2736 781 2819 spatium
813 2735 986 2801 incolumis
1016 2736 1110 2800 nobis
1142 2738 1174 2799 et
1204 2735 1328 2800 civitati

187 2845 319 2907 nostrae
343 2847 376 2906 et
399 2843 567 2908 universae
586 2843 711 2926 patriae
731 2845 940 2907 conservatus
964 2859 1038 2904 anx
1053 2859 1328 2908 Avuvsmsslnvs

186 2949 404 3034 largissimam
429 2950 492 3014 sibi
515 2949 643 3033 copiam
666 2950 831 3014 inventam
855 2947 1037 3032 gratuletur
1060 2968 1216 3031 generose
1240 2971 1328 3012 exse-

188 3055 388 3139 quendorum
425 3076 507 3139 quae
544 3058 612 3118 tam
650 3076 804 3139 generose
840 3053 1019 3136 incohavit,
1057 3053 1327 3140 consiliorumque

186 3160 332 3227 omnium
360 3160 460 3246 digna
488 3160 664 3226 maioribus
693 3161 800 3245 gloria
827 3159 1115 3244 perpetrandorum
1139 3162 1327 3244 opportuni-

185 3273 271 3334 tates
294 3268 464 3333 nobiscum
486 3267 628 3332 laetetur
651 3267 921 3352 exoptatissimae.
968 3266 1005 3343 Q.
1028 3265 1067 3331 D.
1090 3264 1126 3329 Β.
1149 3265 1188 3330 V.

743 3535 772 3599 8.

228 3674 364 3740 Oratio
393 3673 435 3738 de
464 3673 663 3740 Friderico
692 3673 887 3741 Guilelmo
913 3676 970 3740 lll
1004 3678 1280 3744 universitatis

245 3779 452 3846 Rhenanac
475 3781 678 3847 conditore
701 3781 838 3847 habita
862 3782 921 3848 die
946 3783 1005 3848 Ill
1030 3807 1070 3848 m.
1094 3783 1262 3870 Augusti

660 3911 688 3954 a.
714 3889 807 3954 1865.
817 3887 848 3974 *)

271 4028 420 4114 Quinque
444 4030 620 4096 lustrorum
644 4032 800 4114 spatium,
823 4029 986 4096 auditores
1010 4055 1068 4097 suo
1093 4033 1229 4117 quisque
1253 4035 1323 4100 loco

183 4135 425 4220 spectatissimi,
455 4137 517 4202 boe
544 4137 617 4220 ipso
646 4159 730 4202 anno
761 4141 910 4203 exactum
938 4142 1000 4222 cst,
1031 4159 1103 4203 eum
1132 4161 1204 4204 eum
1229 4141 1323 4206 nobis

270 4381 293 4449 ⁸)
313 4379 405 4452 [Hanc
424 4381 578 4437 orationem
598 4382 726 4436 ultimam
745 4383 775 4438 in
792 4383 975 4439 universitate
994 4385 1128 4438 Rhenana
1146 4383 1245 4439 hebuit
1262 4384 1322 4440 Rit-

180 4467 301 4524 schelius
324 4467 386 4540 ipso
409 4469 534 4525 eiusdem
557 4467 623 4524 anni
641 4471 775 4526 autumno
793 4471 823 4526 in
841 4471 1015 4528 academiam
1038 4471 1211 4546 Lipsiensem
1234 4471 1321 4534 disce

179 4557 256 4614 dens,
294 4557 323 4614 (l.
343 4559 401 4630 W.]
