3332 5074
312 353 377 422 418
541 433 549 452 ⁸
600 362 859 421 raouacouaxs
882 371 929 420 us
952 369 1161 423 nssrcmevs

313 522 422 582 autem
445 517 545 584 fuisse
568 539 603 582 cr·
626 518 772 601 syllabae
794 518 964 604 rationem,
988 539 1090 604 aqua
1108 518 1192 582 fiunt
1210 517 1317 601 eptas
1336 518 1455 602 lepitcr,

313 646 351 689 eo
378 624 485 690 minus
514 623 664 689 credibile
692 628 757 708 est,
791 647 855 709 quo
879 625 1022 710 apertius
1045 624 1153 690 estin
1176 622 1255 690 illud
1278 625 1385 710 ipsum
1409 625 1457 690 in·

312 731 424 815 genita
447 731 555 796 indole
578 731 715 796 latinam
738 731 886 815 linguam
909 731 1092 815 inclinasse,
1115 734 1151 794 ut
1173 753 1191 793 c·
1213 731 1323 796 littera
1346 731 1456 796 finitas

312 835 456 920 syllabas
481 835 562 923 (non
585 838 691 914 miuus
716 861 813 922 quam
833 839 974 908 tlittera
993 834 1116 924 finitas)
1136 858 1248 902 omnes
1268 837 1457 922 corriperet:

311 964 388 1007 nam
411 933 487 1009 hinc
510 944 640 1010 demum
664 945 858 1030 perspicitur
881 945 937 1029 qui
960 944 1091 1010 tandem
1114 944 1237 1009 factum
1260 945 1306 1010 sib
1328 949 1365 1010 ut
1383 968 1456 1029 pro·

312 1050 427 1116 ductus
456 1053 708 1118 masculinorum
736 1052 957 1118 nominativus
985 1057 1088 1116 mator
1117 1052 1289 1137 paullatim
1319 1053 1353 1117 in
1381 1075 1457 1120 con·

313 1161 455 1222 stantem
483 1158 676 1242 corripiendi
703 1156 967 1224 consuetudinem
992 1158 1105 1222 abiret.
1150 1158 1240 1242 Ergo
1264 1179 1337 1224 cum
1360 1161 1457 1226 liceat

313 1286 389 1328 sane
413 1264 499 1330 idem
521 1265 556 1330 in
579 1265 653 1329 aliis
677 1287 804 1349 quoque
828 1263 952 1330 factum
975 1265 1141 1349 suspicari,
1164 1266 1274 1329 tamen
1297 1252 1457 1331 rationem

312 1371 346 1434 in
375 1375 527 1456 promptu
558 1393 627 1436 esse
659 1371 774 1436 debere
805 1371 963 1455 pristinae
993 1371 1216 1456 productionis
1246 1371 1456 1457 intellegitur,

311 1477 376 1542 nisi
400 1478 556 1544 alucinari
580 1477 688 1562 potius
713 1499 810 1562 quam
834 1477 1026 1561 persuadere
1050 1477 1139 1541 velis.
1178 1476 1456 1553 Quemadmodum

311 1583 414 1670 igitur
442 1586 480 1650 de
503 1585 669 1669 productis
697 1585 774 1651 olim
799 1591 843 1650 tcr
865 1590 972 1668 quate
994 1588 1140 1666 quattuor
1160 1583 1290 1664 feliciter
1314 1589 1347 1650 et
1370 1585 1457 1651 simi·

313 1691 399 1756 libus
427 1713 522 1757 nemo
551 1693 721 1776 cogitabit,
753 1691 800 1756 ia
826 1713 886 1756 nec
914 1691 1019 1772 lopccr
1046 1691 1098 1754 vel
1119 1696 1212 1773 pater
1239 1691 1336 1757 facila
1359 1693 1455 1758 fidem

312 1797 483 1863 inventura
506 1799 581 1863 sint.
628 1799 681 1863 An
700 1819 820 1880 pauper
843 1819 980 1882 quoque,
1003 1797 1092 1862 cuius
1116 1801 1167 1862 est
1189 1799 1357 1882 genetivus
1375 1821 1454 1881 pasc

307 1905 401 1986 piris,
424 1903 544 1969 Bothio
568 1904 732 1971 credamus
757 1903 935 1988 spondeum
959 1903 1085 1968 efficere
1108 1903 1191 1968 Men.
1210 1903 1267 1988 IV,
1286 1905 1315 1989 2,
1330 1905 1373 1970 8?
1399 1907 1453 1989 qui

292 2031 423 2086 ‚versus
447 2010 572 2094 pridem
595 2010 741 2076 immisso
765 2012 793 2078 is
816 2014 949 2075 sanatus
973 2013 1034 2074 est:

401 2151 435 2217 Si
458 2153 487 2217 is
511 2155 560 2218 est
582 2174 706 2237 pauper
729 2153 825 2237 sitque
847 2150 934 2217 haud
959 2151 1073 2236 mahts,
1096 2174 1235 2237 nequam
1259 2153 1409 2218 habetur:

311 2293 363 2356 vcl
386 2294 505 2358 circiter
532 2301 608 2361 ante
636 2296 781 2361 vocalem
803 2316 863 2378 pro
888 2294 1007 2358 cretico
1031 2293 1176 2379 positum
1200 2290 1279 2360 (list,
1301 2294 1358 2379 lV,
1381 2297 1411 2379 2,
1435 2297 1455 2360 8

311 2400 346 2464 in
377 2400 423 2464 eis
454 2401 614 2484 versibus,
645 2423 781 2485 quorum
808 2421 867 2464 nec
898 2421 1082 2465 mensuram
1111 2421 1171 2465 nec
1198 2423 1348 2466 numeros
1373 2402 1457 2486 quis·

313 2529 411 2591 quam
435 2506 628 2592 explicarit?
652 2509 707 2590 qui
731 2506 860 2591 quidem
885 2505 1134 2571 concitatissimi
1154 2510 1229 2571 runt
1249 2507 1457 2591 anapaestici,

314 2613 360 2676 sic
382 2612 448 2677 fere
472 2613 684 2678 describendi:

179 2776 311 2816 caxxvu
379 2755 454 2822 Nisi
478 2754 555 2840 quid
578 2755 623 2820 mi
647 2755 717 2839 opis
740 2756 774 2820 di
797 2754 883 2840 dant,
907 2753 1052 2840 disperii:
1075 2777 1179 2840 neque
1198 2757 1281 2822 unde
1300 2757 1455 2822 auxilium

1057 2866 1207 2946 expetam
1232 2883 1292 2948 ego
1315 2863 1428 2930 hetheo.

379 2969 431 3034 Ita
461 2969 643 3054 pe‘tulantia
674 2968 829 3034 miseram
859 2969 960 3034 habet
991 2969 1104 3034 animi:
1142 2991 1225 3052 quae
1257 2970 1291 3034 in
1321 2971 1450 3054 tergum

1057 3097 1164 3140 meum
1186 3097 1228 3140 ne
1251 3075 1369 3159 ueniat,

378 3181 464 3247 Male
496 3181 648 3266 fdrmido,
681 3182 709 3246 si
740 3202 796 3246 era
826 3181 979 3247 resciscat
1008 3186 1075 3246 tam
1107 3181 1273 3248 steordem
1304 3203 1374 3246 csse
1405 3204 1456 3247 me

1057 3289 1154 3372 quim
1178 3311 1258 3354 sum.

379 3394 484 3471 Quam
506 3396 541 3460 in
563 3395 712 3460 minibus
740 3395 830 3460 tenui
854 3399 951 3480 atque
975 3395 1100 3478 siccepi-
1124 3394 1178 3459 hic
1201 3397 1276 3460 inte
1300 3394 1389 3460 aedis
1413 3396 1455 3462 ci-

1058 3501 1195 3586 stellam,

380 3607 445 3696 Vbi
469 3609 547 3693 erist,
570 3608 692 3674 nescio:
716 3609 789 3692 nisi,
812 3613 849 3673 ut
872 3609 933 3693 ego
958 3609 1083 3693 opinor,
1105 3609 1179 3674 loca
1201 3610 1320 3674 circiter
1339 3609 1458 3674 excidit

1057 3714 1138 3780 haec
1161 3717 1214 3782 mi.

313 3820 419 3887 Multo
443 3822 549 3892 minus
573 3822 730 3908 producta
753 3821 869 3886 ultima
890 3823 987 3904 ipitar
1009 3821 1205 3886 afferendum
1230 3825 1300 3887 erat
1322 3844 1360 3886 ex
1379 3820 1456 3886 Am-

312 3927 497 4013 phitruonis
528 3927 589 4015 (ll,
612 3931 642 4012 2,
665 3911 735 4016 8‘t)¹
755 3950 792 3993 eo
822 3929 910 4012 loco,
941 3929 976 3992 in
1005 3949 1068 4010 quo
1096 3949 1252 4012 personae
1276 3931 1455 3994 mutantur:

312 4036 365 4101 vel
393 4036 507 4101 dicitur
534 4058 550 4100 e
578 4036 684 4101 medio
713 4035 896 4120 septenario
924 4034 1066 4099 iambico
1095 4034 1188 4098 Asin.
1210 4033 1257 4118 II,
1280 4035 1310 4118 3,
1333 4036 1368 4099 2:
1406 4035 1456 4101 vel

313 4143 418 4224 opiter
442 4165 458 4206 e
483 4139 585 4208 Stichi
603 4141 659 4224 IV,
687 4146 713 4225 l,
736 4142 789 4224 23,
812 4141 868 4206 ubi
891 4141 924 4206 iu
942 4140 1103 4206 trochaici
1126 4141 1222 4206 initio
1247 4141 1330 4222 Quid
1350 4143 1456 4225 opiter

314 4249 485 4332 Epicadum
507 4270 582 4333 non,
605 4247 690 4332 quod
710 4245 845 4332 Lingius
869 4247 947 4312 dicit
970 4247 1009 4312 de
1031 4246 1123 4312 hiatu
1142 4269 1173 4331 p.
1187 4248 1231 4312 48
1251 4245 1321 4334 (qui
1340 4249 1375 4314 in
1393 4249 1455 4314 hac

315 4357 403 4420 omni
428 4377 543 4420 caussa
565 4354 648 4420 nihil
671 4353 809 4437 profecit
832 4351 1057 4440 disputando),
1084 4353 1254 4438 productio
1279 4356 1456 4420 excusatio·

314 4483 389 4524 nem
413 4483 433 4526 a
455 4463 608 4546 contiguo
630 4460 762 4525 nomine
785 4459 915 4543 proprio
939 4459 1049 4542 habet,
1072 4481 1154 4546 quae
1177 4461 1343 4528 excusatio
1365 4461 1457 4526 nulla
