3318 5072
324 414 388 478 518
608 424 871 475 raonnuousrm
895 425 942 471 nn
967 421 1179 470 urmomsvs

325 571 555 639 consuetudine
586 591 680 634 aures
710 569 785 634 ilico
817 569 973 650 respuant
1002 568 1039 630 ut
1069 563 1239 650 analogiae
1272 563 1474 629 commenda-

325 681 414 745 tione
444 677 627 743 destitutas.
673 676 816 740 Rursum
846 680 955 739 autem
984 677 1034 756 ut,
1067 693 1149 756 quae
1185 672 1229 736 sit
1260 693 1336 737 vera
1363 670 1474 736 discri-

324 786 423 850 bendi
441 785 536 868 ratio,
557 782 782 868 investigetur,
800 803 867 846 non
887 785 936 845 est
955 779 1075 844 certius
1094 778 1248 844 indicium
1269 777 1303 842 in
1321 780 1474 863 promptu

326 915 424 978 quam
453 891 538 976 quod
566 911 717 955 versuum
746 910 819 953 cum
847 887 1081 952 sententiarum
1108 886 1227 950 finibus
1257 886 1475 970 exaequando-

326 1011 398 1064 rum
413 997 550 1062 artifieio
568 997 762 1062 continetur.
799 992 888 1070 Quae
902 995 955 1058 lex
970 993 1032 1057 etsi
1052 1013 1118 1057 non
1137 996 1277 1056 osteum
1296 992 1330 1056 in
1349 995 1474 1075 partem

326 1104 571 1190 interpretanda
599 1102 752 1188 rigidius,
783 1101 875 1186 quasi
907 1123 973 1164 non
1003 1098 1181 1164 commodis
1212 1099 1293 1164 locis
1324 1091 1474 1184 aptisque

328 1213 446 1295 modis,
478 1215 516 1278 ut
543 1211 576 1275 in
607 1209 695 1274 omni
725 1209 832 1293 poesi,
864 1208 912 1271 ita
939 1205 993 1271 hic
1020 1227 1147 1291 quoque
1174 1206 1285 1290 aliqua
1315 1228 1353 1271 ex
1383 1209 1476 1290 parte

328 1320 511 1403 discrepare
535 1338 743 1382 numerorum
763 1313 1000 1398 verborumque
1020 1313 1149 1377 ordines
1168 1312 1343 1397 potuerint,
1366 1319 1474 1379 tamen

329 1425 509 1512 generatim
541 1424 587 1489 sic
618 1423 696 1488 licet
716 1422 789 1516 ⁴hoc
819 1440 921 1506 genus
950 1420 1083 1486 definire
1112 1424 1161 1503 nt,
1192 1442 1255 1505 quo
1286 1421 1415 1505 saepius
1444 1426 1477 1486 et

331 1532 554 1596 vehementius
584 1529 764 1595 sententiae
793 1528 922 1592 vinculo
951 1528 1054 1612 ligata
1082 1527 1186 1592 oratio
1211 1526 1354 1592 metricis
1378 1549 1475 1592 mern·

329 1638 398 1702 bris
430 1637 631 1721 discerpatur
661 1639 694 1699 et
725 1639 891 1719 tamquam
914 1637 1126 1718 amputetur,
1158 1655 1195 1697 eo
1229 1632 1478 1718 improbabilior

330 1745 448 1810 evadat
475 1766 572 1828 quam
600 1764 764 1826 proponas
793 1741 1022 1806 distinctorum
1045 1741 1130 1805 inter
1154 1762 1188 1806 se
1212 1762 1363 1806 versuum
1388 1763 1474 1806 men-

331 1873 450 1916 suram.
498 1851 605 1935 Atque
628 1850 690 1914 hoo
714 1848 794 1914 illud
818 1851 882 1931 est,
905 1848 938 1912 in
963 1870 1026 1932 quo
1051 1848 1309 1912 emendationem
1333 1870 1400 1914 non
1423 1849 1478 1912 ad-

331 1957 462 2023 mittere
491 1960 632 2039 tantum,
666 1955 722 2020 sed
748 1955 899 2039 flagitare
927 1953 1204 2019 Hermannianum
1232 1953 1478 2040 discriptionem

239 2141 251 2164 .
331 2065 400 2128 eius
424 2063 541 2128 cantici
564 2061 781 2128 intellexerim
804 2061 889 2144 quod
914 2060 1019 2126 estin
1043 2060 1233 2125 Trinummo
1258 2083 1277 2125 a
1300 2084 1329 2125 v.
1348 2063 1413 2126 223
1437 2062 1477 2126 ad

331 2172 410 2236 300:
435 2170 521 2256 quod
545 2169 599 2233 ille
623 2169 700 2253 ipse,
724 2169 751 2233 si
770 2167 833 2234 huc
852 2168 1031 2252 posteriore
1051 2171 1196 2250 tempore
1216 2189 1364 2233 reversus
1383 2173 1478 2252 esset,

332 2277 474 2342 dubitari
501 2275 616 2360 nequit
643 2275 720 2360 quin
753 2275 852 2360 longa
882 2274 977 2339 aliter
1007 2274 1222 2359 discripturus
1252 2274 1358 2340 fuerit
1404 2274 1479 2340 Elle-

332 2387 516 2449 mentorum
539 2383 640 2468 igitur
663 2371 811 2466 exemplo
835 2381 972 2464 discant,
995 2381 1051 2466 qui
1073 2381 1108 2445 in
1130 2381 1192 2446 hoc
1215 2403 1332 2467 genere
1356 2382 1479 2466 aliquid

332 2491 447 2556 volunt
477 2491 646 2574 proficere,
679 2494 878 2574 quantopere
909 2494 1037 2574 praeter
1068 2493 1176 2553 cetera
1206 2488 1269 2554 hoo
1301 2489 1498 2574 cavendum

210 2620 321 2663 uoxuvr
336 2597 388 2680 sit,
410 2618 451 2660 ne
473 2596 507 2660 iu
531 2617 682 2660 versuum
701 2597 798 2660 finem
817 2594 893 2660 novi
912 2595 1070 2660 enuntiati
1089 2596 1217 2660 initium
1237 2596 1366 2680 incidat,
1388 2617 1479 2680 prae·

333 2702 445 2768 sertim
478 2703 506 2767 si
539 2702 571 2768 id
603 2702 712 2786 aliqua
748 2701 973 2767 coniunctione
1008 2701 1117 2787 fiatf)
1172 2701 1261 2788 Ergo
1294 2703 1480 2768 maturioris

334 2810 526 2895 disciplinae
550 2809 736 2875 auctoritati
756 2830 816 2873 nos
836 2829 964 2892 quoque
983 2808 1283 2892 obsecundavimus,
1305 2831 1378 2874 cum
1396 2809 1480 2874 tales

222 2961 229 2979 ,
333 2939 484 2982 versuum
507 2905 682 2980 divisiones
705 2936 772 2979 non
793 2914 1003 2979 toleravimus
1027 2916 1138 3000 quales
1162 2916 1222 2980 hae
1244 2916 1347 2982 fuere:

402 3058 453 3124 lta
477 3058 611 3123 faciam:
634 3057 680 3122 ita
703 3057 812 3142 placet
834 3057 888 3121 mi.
921 3057 1074 3122 Omnium
1099 3059 1238 3142 primum
1263 3061 1382 3125 amoris

403 3164 494 3230 Artis
518 3165 661 3249 eloqutr,
685 3164 955 3248 quemadmodum
979 3165 1163 3249 expediant:
1187 3169 1365 3250 numquam

402 3271 505 3336 Amor
527 3292 730 3355 quemquam,
752 3268 816 3333 nisi
840 3269 990 3353 cupidum
1014 3269 1177 3336 homine'm
1201 3273 1348 3356 postulat
1371 3295 1405 3337 se

403 3377 555 3443 Conicere
580 3376 613 3441 in
637 3378 768 3461 plagis,
907 3415 944 3422 -—
1001 3414 1033 3422 „
1084 3417 1122 3423 --
1172 3417 1210 3423 --
1261 3416 1300 3424 —
1349 3417 1389 3427 —

404 3477 454 3566 lbi
478 3501 534 3565 ille
559 3502 690 3566 cuculus
714 3522 795 3584 ecoe,
819 3501 910 3565 ‹ic-ule
934 3499 1072 3583 n1i‚fiat
1095 3507 1128 3566 et

405 3603 493 3691 istuc
517 3630 549 3690 et
572 3625 600 3690 si
623 3625 763 3709 amplius
820 3665 859 3670 —
908 3663 948 3671 -
1001 3664 1034 3670 -
1087 3665 1123 3672 ..-
1175 3667 1216 3672 -
1264 3666 1304 3675 .-
1353 3668 1392 3674 -

426 3818 452 3886 *)
477 3818 508 3871 ld
534 3834 597 3873 cum
623 3818 712 3873 multo
738 3817 828 3888 magis
856 3819 1008 3873 arenariis
1027 3819 1191 3888 abhorreat,
1215 3821 1385 3890 aliquotiens
1404 3825 1447 3877 est
1466 3840 1484 3876 a

338 3907 466 3965 Bentleio
483 3908 653 3979 neglectum.
689 3907 775 3962 Velut
793 3907 871 3962 nullo
889 3908 972 3963 modo
993 3913 1043 3963 out
1061 3909 1202 3978 particula
1219 3910 1364 3967 terminari
1387 3913 1484 3981 potuit

338 3976 521 4055 Tarentinrius
540 4013 636 4053 remur
654 4013 738 4067 quem
756 4016 783 4067 p.
802 4011 862 4052 cxx
881 4001 957 4067 [370]
977 4015 1075 4053 sanare
1094 3999 1196 4053 studui.
1233 4000 1378 4055 Horridins
1397 4001 1483 4056 etiam

338 4091 367 4146 in
391 4106 426 4146 eo
450 4105 547 4144 versus
571 4088 633 4142 loco
658 4093 683 4142 et
706 4087 831 4142 loturum
857 4087 895 4141 sit
918 4087 963 4142 vel
986 4093 1017 4142 at
1043 4088 1089 4142 vel
1112 4105 1153 4144 nc.
1192 4089 1234 4144 Ne
1262 4105 1346 4159 neque
1370 4089 1483 4158 quidem

277 4189 280 4206 ¹
338 4179 515 4234 tolerandum
539 4193 599 4232 esse
622 4176 732 4230 ostendi
755 4175 824 4230 llus.
847 4175 944 4246 philol.
963 4177 984 4232 t.
1011 4176 1049 4231 lV
1067 4195 1094 4246 p.
1114 4183 1165 4232 582
1186 4181 1231 4247 [=
1252 4178 1351 4248 Opusc.
1371 4178 1439 4249 phil.
1459 4178 1484 4232 ΙΙ

339 4287 365 4338 p.
386 4269 458 4336 3³51.
495 4265 595 4321 Paucis
620 4263 755 4334 exemplis
780 4263 932 4320 admissum
959 4283 1019 4320 esse
1046 4267 1104 4321 nisi
1131 4265 1254 4334 videtur,
1283 4267 1315 4320 ut
1337 4267 1415 4338 Capt.
1436 4267 1484 4335 111,

340 4363 365 4423 ὁ,
381 4362 425 4412 66:
447 4371 616 4425 quamquam
636 4353 800 4423 plerumque
819 4351 904 4408 dubia
922 4371 967 4409 res
986 4358 1036 4410 ast.
1069 4354 1131 4410 Nisi
1150 4353 1225 4424 quod
1243 4355 1341 4410 Militis
1359 4356 1394 4424 Il,
1409 4361 1434 4424 6,
1449 4360 1484 4410 38

341 4447 447 4499 eertum
466 4445 509 4498 ast
531 4459 587 4498 non
608 4457 667 4496 esse
690 4457 723 4495 ea
741 4439 881 4512 particula
905 4443 1045 4498 senarium
1064 4443 1214 4498 finiendum
1237 4461 1301 4498 oum
1325 4443 1484 4500 Hermanno

341 4531 383 4585 sl.
402 4531 429 4587 d.
447 4534 527 4586 metr.
546 4549 573 4600 p.
596 4537 654 4584 1³2.
