3302 5076
317 405 380 471 628
692 421 925 471 nararmscmc
949 422 1077 470 nanas.

317 564 388 648 ipsa
419 564 608 629 testificatio
641 565 764 630 duabus
797 567 894 630 rebus
924 564 1082 631 contineri
1109 561 1218 630 debet:
1251 565 1392 649 primum
1423 569 1460 629 ut

314 671 429 736 idonea
452 671 589 735 facultas
613 673 839 754 comprobetur
863 671 938 737 viva
961 693 1039 736 socc
1062 672 1315 738 adulescentium
1334 675 1458 736 mentes

312 777 438 841 utiliter
461 777 626 842 erudiendi
650 784 683 842 et
705 778 911 843 instituendi:
934 777 1048 843 deinde
1071 784 1109 842 ut
1132 779 1200 843 eius
1226 779 1338 861 ipsius,
1361 798 1457 862 quam

312 883 385 967 quis
408 884 609 968 profiteatur,
633 881 822 968 disciplinae
842 907 905 949 non
926 887 1052 950 tantum
1072 907 1166 949 usum
1186 907 1220 949 se
1238 883 1358 948 habere
1377 884 1457 948 satis

312 990 496 1073 expeditum
516 989 677 1071 ostendat,
700 990 759 1054 sed
776 990 917 1056 eiusdem
943 991 1041 1056 etiarn
1065 991 1197 1076 longius
1220 991 1458 1076 promovendae

311 1101 344 1160 et
376 1101 489 1181 suopte
522 1098 653 1183 ingenio
686 1097 905 1162 emendandae
938 1097 1247 1182 amplificandaeque
1278 1099 1457 1182 ingenitam

311 1204 471 1288 quandam
499 1204 677 1269 sollertiam
707 1204 832 1286 prodat.
881 1204 986 1289 Atoue
1014 1204 1090 1286 hoc,
1120 1205 1205 1289 quod
1235 1205 1349 1269 ultimo
1385 1205 1456 1268 loco

310 1311 418 1394 posui,
446 1333 573 1375 rursum
601 1310 671 1374 fieri
700 1310 873 1394 dupliciter
900 1314 1017 1394 potest.
1063 1311 1130 1375 Aut
1153 1311 1238 1375 enim
1261 1332 1365 1375 novas
1388 1310 1458 1375 vias

310 1417 386 1481 licet
416 1424 684 1503 commonstrare,
712 1418 829 1502 quibus
858 1417 1047 1501 disciplinae
1076 1418 1231 1504 cuiusque
1259 1417 1368 1502 spatia
1388 1438 1458 1500 per·

311 1524 460 1608 metiore,
488 1523 565 1589 licet
592 1525 752 1609 principia
777 1524 934 1609 quaedam
958 1525 1154 1589 constituere
1177 1525 1276 1588 latius
1300 1523 1457 1607 patentia,

309 1630 426 1714 quibus
450 1631 580 1716 singula
603 1653 747 1716 quaeque
771 1621 926 1716 regantur
953 1635 986 1695 et
1009 1631 1235 1695 terminentur:
1263 1633 1321 1694 aut
1348 1629 1381 1693 in
1403 1629 1456 1696 bis

309 1736 391 1819 ipsis
424 1736 563 1822 singulis
596 1739 719 1803 versari
751 1737 874 1826 poteris
908 1737 1063 1802 acerrimo
1097 1736 1203 1801 studio
1241 1735 1457 1819 explorandis.

309 1839 490 1927 Vtrumque
514 1863 616 1927 genus
644 1865 715 1908 cum
748 1844 913 1927 propriam
943 1843 1063 1909 habeat
1091 1843 1281 1926 utilitatem,
1309 1847 1379 1907 tum
1403 1863 1456 1906 vo-

309 1949 444 2032 luptatis
468 1950 636 2034 aliquanto
664 1951 737 2034 plus
770 1950 890 2015 babere
922 1953 1015 2034 patet
1045 1951 1145 2036 prius.
1190 1950 1229 2015 In
1260 1950 1325 2014 illis
1355 1949 1457 2033 igitur

308 2055 528 2122 floridioribus
559 2057 797 2122 commentandi
828 2057 907 2122 locis
940 2060 1075 2141 quaerat
1106 2056 1269 2140 quispiam
1303 2078 1360 2120 our
1391 2076 1455 2119 non

309 2163 518 2228 maluerimus
539 2164 682 2231 versari?
713 2163 835 2228 Verum
855 2163 941 2228 enim
965 2185 1041 2229 sero
1065 2163 1191 2249 dequo
1215 2183 1332 2248 genere
1357 2161 1455 2226 scribi

308 2272 416 2352 potest
452 2271 693 2354 percommode,
730 2271 762 2334 id
800 2292 865 2334 non
898 2271 1051 2334 continuo
1084 2273 1196 2352 aptum
1233 2273 1284 2332 est
1320 2269 1359 2332 ad
1393 2268 1456 2332 dis-

308 2375 502 2458 putandum,
534 2397 600 2440 non
632 2376 717 2460 quod
750 2399 866 2460 parurn
899 2377 1016 2441 afferat
1043 2375 1083 2440 ad
1112 2374 1359 2459 disceptandum
1389 2396 1455 2438 ma-

308 2481 426 2566 teriae,
459 2481 513 2545 sed
543 2481 627 2566 quod
651 2483 795 2546 nimium.
841 2480 926 2547 Nam
954 2482 1008 2566 qui
1034 2482 1113 2546 satis
1136 2481 1217 2545 illud
1249 2481 1456 2563 reputaverit,

305 2608 371 2650 non
408 2609 505 2670 posse
540 2588 578 2652 de
608 2587 654 2651 rei
689 2589 841 2672 cuiusque
875 2611 1001 2653 summa
1033 2588 1212 2673 generatim
1249 2591 1346 2670 atque
1384 2587 1454 2651 uui·

306 2713 397 2757 verse
425 2693 567 2777 iudicari,
598 2695 662 2760 nisi
693 2696 765 2778 ipsa
797 2695 925 2780 singula
953 2716 1098 2780 quaeque
1127 2695 1256 2778 penitus
1285 2697 1456 2777 perspecta

307 2798 339 2864 in
364 2805 517 2884 promptu
547 2800 667 2866 habeas
698 2806 731 2866 et
754 2805 844 2866 extra
869 2801 1104 2867 dubitationem
1131 2801 1256 2884 posita:
1279 2800 1375 2865 facile
1398 2799 1454 2863 du·

307 2906 360 2989 plo
391 2907 546 2972 maiorem
575 2929 645 2972 esse
669 2908 765 2973 huius
789 2909 916 2992 generis
945 2907 1171 2972 difficultatem
1194 2905 1359 2988 concedet,
1388 2927 1453 2970 am·

305 3011 497 3094 plitudinem
522 3018 630 3079 autem
658 3017 801 3096 tantam,
833 3016 870 3077 ut
898 3019 954 3078 aut
981 3013 1049 3078 dies
1078 3013 1206 3078 deficiat
1234 3012 1454 3096 disputantem

306 3123 362 3183 aut
398 3118 522 3184 incerta
558 3121 688 3186 vacillet
726 3121 830 3186 omnis
860 3119 1038 3203 disputatio
1072 3123 1104 3183 et
1142 3123 1279 3203 vagetur
1310 3139 1454 3184 necessa·

304 3225 362 3290 rio.
409 3227 614 3310 Quapropter
647 3227 783 3292 alterum
817 3230 945 3291 tantum
980 3245 1082 3309 genus
1110 3229 1214 3290 restat
1242 3231 1318 3290 ante
1346 3225 1454 3290 delini-

305 3336 388 3395 tum:
416 3332 502 3416 quod
530 3333 659 3416 quidem
687 3337 774 3398 reete
808 3333 947 3416 amplexi
975 3353 1046 3396 asso
1073 3332 1168 3396 nobis
1197 3330 1390 3414 videbimur,
1423 3331 1450 3395 si

305 3436 401 3501 modo
429 3458 542 3521 reapse
573 3440 755 3523 promoveri
784 3437 998 3523 philologiam
1027 3458 1077 3519 ea,
1110 3459 1207 3521 quam
1240 3436 1453 3520 exhibuimus,

305 3544 577 3609 commentatione
601 3545 710 3610 doceri
733 3546 846 3628 possit.
888 3543 996 3628 Atque
1019 3543 1083 3608 boo
1104 3543 1211 3627 ipsum
1234 3544 1344 3626 paucis
1368 3565 1452 3608 nuno

304 3669 488 3734 persequar.
532 3650 664 3715 Etenim
694 3651 735 3714 ab
760 3649 909 3715 omnibus
932 3649 1044 3733 hodie,
1067 3654 1155 3734 puto,
1178 3649 1378 3714 intellectum
1401 3654 1451 3714 est

304 3757 337 3818 et
360 3754 593 3821 luculentorum
618 3756 712 3839 copia
732 3755 951 3839 exemplorum
971 3755 1053 3819 satis
1073 3755 1329 3839 comprobatum,
1352 3756 1449 3820 etiam

304 3881 343 3924 ex
375 3861 602 3946 ambiguorum
639 3883 736 3945 saepe
768 3861 1024 3946 fragmentorum
1059 3861 1238 3926 indicumve
1271 3862 1449 3948 exiguitate

305 3966 464 4053 dubiaque
488 3970 712 4035 narrationum
736 3968 895 4033 memoria
912 3967 967 4031 hic
985 3967 1052 4033 illic
1071 3967 1289 4052 dispersarum
1310 3968 1361 4034 vel
1380 3971 1449 4035 uni·

304 4075 388 4138 versi
412 4097 507 4160 posse
530 4077 713 4141 litterarum
741 4075 869 4159 generis
893 4074 943 4138 vel
975 4074 1069 4138 unius
1093 4075 1260 4140 cuiusdam
1283 4074 1449 4159 scriptoris

304 4180 354 4243 vel
378 4181 515 4266 denique
539 4183 740 4268 singulorum
763 4183 1048 4246 monumentorum
1072 4181 1191 4246 litteris
1217 4181 1295 4246 olim
1323 4181 1448 4266 consig-

303 4291 453 4351 natorum
479 4290 571 4373 quasi
594 4289 769 4373 imaginem
793 4289 1028 4370 repraesentari
1058 4311 1094 4352 ae
1123 4287 1262 4372 speeiem
1287 4291 1394 4352 mente
1417 4291 1450 4351 et

303 4393 500 4475 rogitatione
524 4395 800 4478 comprehensam.
845 4393 914 4459 Nec
936 4395 1064 4459 tantuin
1090 4417 1185 4477 posse
1213 4394 1275 4459 hoc
1298 4395 1367 4458 fieri
1392 4394 1447 4458 sed

304 4498 402 4562 etiam
421 4500 538 4564 debore
559 4503 761 4567 intellectum
781 4505 840 4584 est,
863 4501 1018 4585 quoniam
1038 4502 1104 4565 lieri
1126 4501 1193 4565 ullo
1213 4501 1307 4584 pacto
1326 4501 1448 4584 nequit,
