3306 5070
335 405 402 478 708,
560 421 794 471 nsrmruscnn
818 409 1037 490 aasentias,
1061 421 1254 489 saansaan,

881 600 931 665 10.

277 829 280 838 Ι
335 742 820 809 Gratulationsschreiben
843 743 908 807 der
926 743 1277 828 philosophischen
1295 742 1485 808 Facult'at

334 873 375 914 zu
405 849 513 914 Bonn
541 871 587 914 an
615 847 817 914 Friedrich
847 847 1033 915 Thiersch
1066 873 1109 915 zu
1142 850 1279 916 desscn
1305 849 1483 932 funfaig·

419 955 615 1040 jlvhrigcm
638 954 981 1040 Doctorjubilaum
1005 978 1063 1022 am
1090 957 1140 1021 18.
1162 955 1254 1021 Juni
1280 955 1407 1041 1858.*)

406 1096 678 1182 Philosophorum
697 1096 784 1163 Ordo
802 1098 814 1182 ΙΙ
830 1098 1059 1164 Vniversitatis
1074 1097 1268 1164 Fridcriciae
1284 1096 1482 1163 Guilelmiae

334 1205 509 1270 Rhenanac
526 1203 538 1288 ΙΙ
555 1202 690 1268 S·P·D
708 1204 719 1288 ss
736 1203 899 1272 Friderico
919 1204 1109 1271 Tbierschio
1126 1204 1137 1290 ll
1155 1206 1224 1270 viro
1243 1203 1481 1270 inlustrissimo

336 1313 416 1377 bene
441 1311 689 1377 merentissimo.

424 1418 521 1483 Vitae
544 1418 640 1483 Tvsu
663 1421 697 1482 et
719 1417 865 1504 ingenita
888 1419 1010 1484 virtute
1034 1423 1067 1484 et
1090 1419 1199 1484 debito
1223 1417 1345 1484 honore
1368 1439 1477 1484 cumu-

334 1525 421 1590 latae
443 1525 502 1590 ubi
524 1525 820 1610 auspicatissimum
843 1525 928 1591 diem
945 1524 1041 1590 illum
1059 1524 1180 1591 instare
1200 1526 1390 1611 accepimus,
1413 1547 1481 1611 quo

335 1635 409 1698 ante
432 1632 513 1697 hacc
535 1632 643 1696 decem
667 1632 771 1696 lustra
794 1652 833 1695 ca
856 1631 1015 1716 dignitate
1039 1637 1152 1699 auctus
1176 1653 1210 1696 es
1234 1653 1297 1716 qua
1320 1651 1481 1716 negamus

337 1738 500 1804 exstitisse
524 1737 574 1802 Tu
597 1736 790 1822 digniorem,
822 1757 887 1802 non
910 1738 1076 1821 potuimus
1099 1759 1165 1802 non
1189 1739 1289 1802 animi
1313 1741 1346 1802 et
1368 1739 1481 1803 laetis·

335 1844 409 1910 simi
442 1848 476 1910 et
509 1843 688 1930 gratissimi
720 1843 868 1909 sensibus
901 1845 1045 1931 graviter
1081 1846 1286 1910 commoveri.
1340 1844 1481 1909 Praesto

335 1951 422 2016 enim
449 1971 519 2016 esse
549 1952 705 2016 memoria
727 1972 821 2017 rarae
845 1950 1010 2017 doctrinae
1035 1955 1131 2036 atque
1155 1951 1344 2037 sagacitatis
1368 1951 1480 2035 Tvaa,

335 2080 399 2142 qua
432 2081 504 2124 cum
537 2061 687 2124 aeternos
718 2061 924 2124 aeternorum
953 2062 1122 2141 poetarum
1151 2057 1258 2122 fontes
1289 2061 1322 2123 et
1352 2059 1480 2125 curiose

335 2165 514 2230 enarrando
547 2169 581 2231 et
613 2165 748 2231 facunde
775 2165 940 2232 'imitando
972 2164 1157 2232 felicissime
1189 2165 1369 2248 reclusisti,
1406 2169 1478 2230 tum

335 2273 414 2336 artis
438 2272 535 2357 longe
558 2272 859 2356 praestantissimae
877 2272 1118 2338 vicissitudines
1138 2271 1295 2357 singulari
1312 2271 1383 2337 luce
1402 2293 1478 2337 con·

333 2375 490 2462 lustrasti,
513 2381 583 2441 tum
607 2379 838 2464 grammaticae
862 2377 1053 2462 disciplinae
1076 2382 1110 2444 et
1131 2401 1218 2444 nova
1240 2384 1274 2445 et
1293 2383 1383 2444 certa
1405 2379 1480 2444 fun-

334 2485 486 2549 damenta
499 2483 617 2548 iecisti:
659 2489 789 2569 praesto
807 2507 876 2550 essa
895 2483 1092 2550 nobilissimi
1111 2484 1249 2551 fervoris
1267 2484 1356 2550 illius
1375 2507 1479 2550 recor·

335 2591 438 2675 datio,
470 2611 533 2675 quo
561 2612 628 2656 non
651 2595 796 2658 veterum
824 2594 953 2658 tantum
978 2589 1176 2656 Graecorum
1199 2590 1333 2678 ingenia
1355 2591 1407 2676 pie
1429 2591 1477 2656 lu·

334 2699 541 2781 culentcrque
565 2697 708 2783 colendo,
732 2697 787 2764 sed
810 2703 1016 2784 posterorum
1040 2718 1166 2782 quoque
1190 2698 1478 2782 agencrosissima

335 2806 437 2890 stirpe
460 2807 696 2889 prognatorum
718 2804 814 2869 rebus
839 2802 1046 2870 sublevandis
1066 2806 1162 2888 atque
1181 2803 1400 2870 instaurandis
1420 2826 1478 2888 pu-

335 2911 484 2995 blicaque
508 2910 614 2977 salute
637 2911 757 2976 tuenda
781 2933 818 2976 ac
840 2910 1037 2976 stabilienda
1059 2909 1308 2976 ΦΙΛΕΛΛΗΝΟ(
1333 2914 1365 2975 et
1388 2911 1479 2976 deco·

335 3039 407 3081 rum
430 3039 549 3082 nomen
572 3021 606 3082 ct
628 3018 757 3083 laudem
784 3017 997 3082 iustissimam
1024 3016 1189 3082 invenisti:
1248 3021 1379 3100 praesto
1408 3039 1479 3082 esse

335 3125 493 3209 cogitatio
517 3124 762 3190 contentionum
785 3123 1100 3207 honestissimarum,
1124 3123 1242 3208 quibus
1262 3145 1334 3188 cum
1354 3123 1477 3190 schola-

336 3232 437 3296 sticae
474 3229 690 3296 institutionis
727 3232 896 3296 universae
933 3231 1135 3314 emendator,
1171 3233 1241 3295 tum
1279 3231 1475 3315 optimorum

335 3338 516 3404 studiorum
531 3335 613 3402 Tvls
632 3338 667 3402 in
685 3338 780 3404 terris
800 3341 833 3403 et
856 3337 1004 3404 conditor
1026 3342 1061 3403 et
1082 3342 1189 3403 custos
1213 3341 1305 3402 tanto
1329 3357 1479 3402 successu

335 3445 505 3530 exstitisti,
534 3447 571 3508 ut
598 3467 692 3510 suum
715 3445 764 3510 vn
788 3449 1031 3529 praeceptorem
1061 3466 1127 3510 non
1150 3443 1381 3529 discipulorum
1404 3449 1478 3509 tan-

334 3556 406 3616 tum
429 3551 628 3635 frequentia,
656 3553 712 3618 scd
740 3553 813 3635 ipsa
836 3552 977 3618 Bavaria
1000 3553 1041 3618 ad
1064 3552 1301 3617 humanitatem
1325 3551 1400 3617 'on
1424 3553 1478 3617 be-

335 3657 449 3723 neficio
477 3657 653 3723 informata
681 3659 749 3723 iure
777 3659 958 3744 meritoque
986 3659 1144 3742 suspiciat
1171 3662 1269 3744 atque
1292 3662 1480 3724 veneretur:

380 3768 510 3847 praesto
534 3785 604 3830 esse
628 3764 835 3830 sanctissima
857 3765 965 3850 imago
984 3764 1046 3829 viri
1065 3764 1142 3830 boni
1166 3768 1201 3829 et
1223 3763 1328 3849 fortis,
1350 3764 1424 3830 fidei
1447 3770 1482 3829 et

335 3870 515 3957 religionis,
547 3871 692 3936 veritatis
726 3875 822 3955 atque
852 3871 1014 3936 libertatis
1044 3872 1078 3936 in
1108 3870 1223 3956 quovis
1255 3891 1372 3956 genere
1403 3892 1477 3935 cum

337 4001 393 4046 ore
420 3984 490 4044 tum
518 3978 666 4063 exemplo
694 3977 830 4043 vindicis
859 3977 1021 4061 acerrimi,
1048 3977 1303 4064 propugnatoris
1330 3981 1478 4043 constan-

246 4158 247 4161 ,
336 4087 467 4152 tissimi.
512 4085 602 4171 Ergo
629 4087 724 4150 tanta
751 4106 824 4149 cum
852 4083 960 4170 gloria
988 4089 1173 4150 transactae
1201 4084 1317 4150 aetatis
1347 4087 1480 4168 tamque

335 4191 510 4276 multiplici
534 4192 654 4257 virtute
677 4193 883 4276 peractorum
911 4190 1123 4256 consiliorum
1146 4189 1479 4274 praeclarissimorum

431 4441 457 4508 *)
477 4437 597 4508 [Bereits
622 4436 798 4509 abgedrncht
822 4437 851 4492 in
877 4437 932 4492 deu
954 4436 1149 4494 Jahrbllchern
1174 4435 1193 4493 l.
1217 4436 1297 4492 class.
1321 4436 1481 4509 Philologie

336 4529 405 4578 1sss
424 4544 452 4595 p.
471 4525 553 4580 aava
590 4526 619 4582 e.
638 4527 696 4598 w]
