3306 5070
314 381 379 445 720
540 397 774 444 nursrurscuu
798 384 1017 464 tuscanica,
1041 361 1233 464 unusssnu',

431 591 469 678 n)
494 592 548 658 Im
572 593 815 659 Prooemium
838 577 903 658 des
925 591 1172 659 Wintersem.
1198 593 1346 676 1853J54

558 716 611 803 (de
635 719 784 803 sepulcro
807 717 978 783 Puriorum
1003 715 1212 802 Tusculano).

403 859 556 944 Habetis,
588 861 655 925 cari
688 860 924 944 adulescentes,
956 865 1139 948 tamquam,
1156 859 1387 946 promulsidem
1421 863 1457 923 ut

314 967 405 1032 aiunt
432 989 542 1032 earum
571 967 690 1052 dapum
720 989 800 1052 quas
829 967 909 1032 satis
937 971 971 1032 et
997 967 1105 1032 varias
1133 971 1167 1032 et
1195 967 1301 1032 lautas
1324 969 1456 1051 paratas

314 1074 431 1139 videtis
461 1078 494 1138 et
521 1073 698 1138 liberaliter
727 1074 905 1159 appositas.
951 1073 1075 1150 Quibus
1105 1075 1154 1139 ita
1180 1073 1310 1138 utimini
1338 1076 1376 1136 ut
1398 1093 1457 1136 uec

314 1181 494 1266 degustatis
518 1181 689 1247 delicatius
707 1201 766 1246 nec
785 1180 990 1265 appetentius
1009 1180 1206 1264 helluemini,
1230 1180 1286 1244 sed
1309 1201 1382 1244 oum
1404 1179 1456 1243 de·

313 1288 398 1352 lectu
418 1309 499 1354 sana
517 1292 550 1353 et
568 1289 730 1372 simplicia
749 1291 911 1352 sectantes
930 1287 1095 1352 misceatis
1114 1287 1194 1351 utile
1213 1286 1306 1352 dulci.
1330 1284 1456 1350 Valete.

806 1486 965 1494 ——n

453 1606 486 1695 ο)
510 1606 564 1673 Im
587 1607 826 1673 Prooemium
850 1607 918 1672 des
942 1604 1203 1672 Sommersem.
1231 1607 1316 1672 1854

692 1730 886 1817 (vaniloquia
908 1728 1083 1817 Plautina).

402 1875 511 1962 Atque
533 1873 612 1939 haec
636 1874 717 1938 satia
741 1877 838 1938 sunto
863 1874 896 1938 iu
919 1873 1093 1958 praesenti,
1117 1873 1235 1956 quibus
1259 1873 1299 1937 ad
1319 1894 1357 1937 ea
1375 1894 1456 1956 quae

313 1981 529 2066 intraposita
552 1984 628 2046 sunt
650 1978 841 2045 eruditionis
864 1979 1079 2044 instrumenta
1101 1980 1289 2062 variamque
1312 1979 1456 2062 discipli-

314 2111 430 2154 narum
449 2088 686 2174 supellectilem
706 2087 792 2167 oculi
811 2087 910 2152 vestri
929 2087 1094 2172 animique
1113 2086 1332 2152 traducantur.
1363 2085 1456 2151 Vnde

313 2197 481 2279 curabitis,
509 2217 605 2281 quem
629 2193 825 2261 admodum
849 2195 1079 2278 consuevistis,
1107 2198 1144 2258 ut
1165 2194 1199 2259 in
1224 2194 1342 2258 artium
1366 2193 1452 2258 litte·

314 2322 486 2385 rarumque
510 2300 619 2366 studia
642 2305 751 2366 vestra
774 2304 807 2366 et
831 2302 870 2365 ed
894 2321 1022 2366 omnem
1045 2301 1282 2366 humanitatem
1302 2301 1456 2365 informa-

311 2409 433 2472 tionem
461 2407 585 2472 iruetus
613 2408 729 2492 optimi
759 2407 939 2474 redundent
967 2407 1175 2492 discendique
1198 2407 1323 2474 fervore
1347 2414 1456 2472 vestro

238 2573 241 2582 .
312 2520 464 2600 prompta
487 2515 671 2580 docentium
694 2515 844 2580 voluntas
869 2519 1073 2601 exaequetur.
1118 2513 1243 2580 Valete.

805 2713 964 2720 *-

448 2830 484 2919 p)
509 2833 563 2898 Im
588 2833 831 2900 Prooemium
854 2833 921 2899 des
946 2833 1205 2900 Sommersem.
1233 2834 1318 2900 1855

649 2956 702 3046 (de
725 2959 821 3023 titulo
845 2957 1123 3046 Lambaesitano).

400 3098 471 3164 Vos
495 3104 604 3166 autem
627 3101 864 3166 commilitones
888 3103 994 3167 valete
1018 3105 1051 3166 et
1069 3123 1142 3167 eum
1162 3102 1227 3167 alia
1245 3104 1354 3166 curate
1374 3122 1456 3186 quae

311 3228 369 3270 vos
398 3227 511 3271 curare
541 3207 689 3288 addecet,
721 3210 790 3272 tum
819 3211 949 3292 praeter
976 3212 1083 3274 cetera
1107 3207 1203 3292 illud,
1235 3213 1272 3273 ut
1295 3209 1339 3273 sit
1363 3208 1456 3273 vobis

315 3334 406 3378 mens
431 3314 567 3379 sanein
590 3335 725 3398 corpore
749 3336 838 3380 sano.

442 3577 477 3664 q)
500 3579 553 3644 lm
578 3579 819 3646 Prooemium
843 3581 907 3646 dee
931 3579 1175 3646 Wintersem.
1201 3579 1325 3666 1855]ss

609 3701 664 3790 (de
686 3706 767 3770 iden
789 3706 885 3770 adem
908 3728 1000 3789 pron.
1023 3703 1161 3792 formis).

402 3845 527 3912 Tantae
557 3847 653 3912 molis
682 3851 752 3912 erat
779 3847 978 3913 breviculam
1002 3847 1040 3912 de
1063 3868 1098 3911 re
1121 3845 1242 3931 pusilla
1264 3847 1456 3913 admonitio

311 3975 399 4037 nem,
432 3953 487 4018 sed
518 3954 629 4038 magni
660 3953 721 4018 viri
752 3953 1005 4020 admonitionem
1036 3976 1095 4019 sua
1125 3953 1253 4039 sibique
1283 3953 1392 4019 debita
1419 3955 1454 4019 iu

312 4059 382 4126 luce
415 4061 583 4127 collocare.
639 4059 761 4136 Quodsi
793 4061 1019 4145 memineritis,
1052 4061 1118 4127 cari
1152 4060 1403 4144 commilitones,
1436 4084 1455 4126 e

311 4167 420 4252 parvis
445 4170 479 4231 et
501 4167 630 4253 pusillis
653 4187 773 4252 magna
792 4169 902 4233 omnia
920 4172 954 4233 et
971 4167 1112 4232 maxime
1131 4165 1273 4252 conflari,
1296 4188 1355 4232 neo
1373 4167 1456 4232 haee

311 4273 428 4358 ignave
451 4274 719 4357 praetermittatis
742 4296 801 4340 nec
824 4275 966 4360 ineptius
994 4275 1051 4340 illa
1073 4273 1261 4357 fastidiatis,
1289 4274 1344 4340 sed
1368 4275 1455 4339 salu-

310 4381 375 4445 tari
403 4381 539 4446 oonsilio
569 4381 713 4464 utrisque
742 4382 937 4446 consociatis
960 4403 1054 4446 omne
1078 4403 1136 4447 vos
1160 4384 1314 4463 puuctum
1338 4381 1454 4446 tulisse

311 4487 550 4551 existimabitis.
