3332 5074
554 415 818 464 auasnamoms
842 413 1049 462 aerumnis.
1308 398 1375 464 455

227 563 343 644 poetae
366 559 525 644 fugerant,
548 581 586 624 aa
609 563 718 624 autem
741 559 852 644 paullo
876 557 986 623 durior
1008 557 1091 622 ratio
1111 558 1158 622 ita
1176 559 1315 642 tentum,
1339 564 1376 623 ut

228 667 355 733 duobus
388 667 553 732 vocabulis
581 667 705 751 primus
738 688 795 752 pas
823 668 1082 748 componeretur,
1115 664 1210 729 vitari
1238 669 1375 749 poterat.

226 773 311 840 Hinc
336 774 508 858 igiturest
531 794 595 855 our,
618 795 690 838 oum
713 793 779 837 non
803 773 907 837 multa
930 775 1058 837 exstent
1077 770 1261 837 huiusmodi
1280 772 1374 836 initia

227 881 271 970 (v.
295 883 346 948 86.
370 883 422 947 94.
445 882 520 946 497.
544 881 618 945 570.
641 878 690 965 3):

315 1025 424 1111 Atque
446 1023 478 1089 id
502 1025 614 1106 temdn
667 1069 1206 1086 .........
1247 1106 1249 1110 Ι

317 1130 394 1196 Non
415 1127 469 1195 hic
491 1129 600 1213 placet
665 1176 1205 1192 .........

315 1237 409 1302 Nuno
432 1239 471 1300 dt
492 1235 575 1301 scias

316 1341 408 1420 Quod
431 1341 497 1406 tibi
519 1341 612 1406 lubet
664 1390 1204 1405 .........
1387 1354 1469 1396 ccxx

314 1449 425 1532 Adest,
449 1451 489 1512 en
512 1446 624 1534 illast)
653 1449 718 1529 [cm
741 1447 835 1512 illaec
860 1442 1003 1528 ΜΠ.
1064 1498 1070 1509 .
1132 1498 1137 1509 .
1199 1497 1204 1510 .

225 1592 377 1677 pauciora
406 1591 506 1656 etiam
535 1591 738 1675 reperiantur
768 1588 808 1653 ad
837 1588 900 1654 hoc
928 1590 1109 1674 exemplum
1138 1589 1225 1656 facta
1253 1587 1297 1673 (v.
1320 1589 1372 1654 33.

225 1701 298 1765 541.
322 1699 397 1763 554.
420 1696 537 1762 Bacch.
561 1697 626 1762 260
651 1695 774 1780 [292]):

315 1841 438 1905 Eordm
461 1840 537 1905 lice't

211 1979 224 1998 ·
314 1947 399 2013 Ouds
423 1947 556 2012 scabrae'

313 2054 474 2132 Quonidm
497 2053 609 2117 uident
653 2100 1189 2116 ........

313 2159 469 2239 Quamuis
493 2162 613 2226 malem
652 2208 1188 2225 ........

223 2303 297 2368 Nisi
324 2303 386 2368 hoc
413 2326 472 2389 pro
503 2304 604 2384 Quom
631 2307 682 2368 uis
709 2303 827 2368 malum
855 2301 965 2386 potius
994 2300 1141 2386 accipias.
1188 2300 1298 2367 Aliam
1329 2301 1370 2365 ob

224 2433 382 2495 caussam,
405 2415 442 2476 ut
464 2411 498 2476 id
521 2409 849 2506 hac'opportunitate
873 2429 1033 2493 moneam,
1057 2430 1120 2474 non
1144 2408 1207 2473 huo
1230 2407 1372 2494 pertinet

224 2540 252 2583 v.
277 2518 340 2583 779
372 2517 469 2583 Dicet-t
493 2519 674 2600 potrctoque
702 2517 748 2595 id,
779 2539 851 2581 cum
884 2515 923 2579 de
953 2515 1026 2600 lege
1056 2519 1261 2600 paroxytona
1290 2515 1371 2580 fiant

223 2624 406 2710 composita
422 2625 615 2708 patronae,
639 2624 780 2708 metrove,
803 2623 927 2688 odedrrm
951 2622 1035 2686 unde
1058 2643 1098 2685 ne
1122 2623 1218 2686 adeda
1241 2621 1369 2705 quidem

224 2730 395 2797 dicendum
424 2736 474 2797 est
497 2732 530 2795 in
554 2730 669 2796 ultima
691 2733 821 2816 praeter
844 2731 1006 2794 rationem
1028 2729 1110 2794 acui.
1157 2727 1369 2812 Quamquam,

223 2839 260 2902 ut
282 2837 377 2921 plene
400 2838 463 2903 hoc
486 2858 587 2922 genus
611 2837 792 2920 definiatur,
815 2837 877 2901 hoc
896 2835 1078 2901 addendum
1098 2837 1157 2917 est,
1179 2856 1245 2899 non
1264 2833 1369 2919 magis

223 2937 320 3028 haeoj
343 2968 439 3029 quam
464 2967 545 3031 quae
568 2967 667 3029 supra
694 2944 904 3009 tractavimus
934 2943 1067 3009 elisione
1095 2941 1254 3024 breviata,
1282 2943 1369 3004 certa

221 3052 415 3116 necessitate
447 3052 532 3138 ragi3
563 3051 619 3116 sed
651 3051 790 3117 liberum
822 3051 924 3116 fuisse
956 3031 1062 3135 poetis
1095 3053 1202 3113 utram
1235 3047 1370 3113 acuendi

223 3157 383 3224 rationem
412 3160 494 3224 inira
522 3160 651 3224 vellent.
700 3158 815 3244 Itaque
844 3161 877 3222 et
904 3159 1061 3240 metuoque
1090 3156 1158 3239 ho'c,
1187 3156 1300 3220 adeone
1328 3157 1370 3237 id,

218 3267 433 3348 prtmsrmdam
455 3266 604 3348 dantum,
626 3264 895 3347 ctrcrtmsptcedrtm
919 3261 970 3346 (ut
988 3262 1078 3328 Tria.
1101 3261 1177 3348 146)
1201 3267 1234 3326 et
1256 3261 1369 3326 matred

222 3393 279 3453 quc
305 3371 372 3449 hoc,
403 3371 516 3437 adeone
542 3373 588 3450 id,
615 3371 832 3454 primdmdum
863 3372 960 3452 adest,
993 3369 1264 3452 cirmoopiccdum
1296 3389 1369 3432 cum

223 3477 439 3563 similibus**)
471 3478 723 3562 pronuntiarunt
752 3477 914 3543 arbitratu
943 3475 1088 3562 suo.***)
1116 3513 1159 3522 -
1189 3473 1251 3539 Sed
1280 3474 1366 3559 quod
1381 3502 1474 3542 com

329 3723 355 3794 ¹¹)
373 3723 446 3779 Nam
464 3723 494 3779 in
512 3725 615 3780 talibus
634 3728 761 3796 apertum
780 3727 823 3781 est
841 3727 881 3794 (at
898 3723 1023 3794 apertius
1042 3722 1127 3779 etiam
1147 3721 1220 3778 infra
1239 3723 1297 3788 fiet)
1315 3739 1366 3792 pro

221 3814 316 3870 iambo
335 3831 403 3882 csse,
421 3831 478 3870 non
496 3832 546 3886 pro
565 3815 688 3885 spondeo
707 3816 787 3870 illaec
808 3815 879 3870 istoc
898 3830 962 3868 cnm
981 3810 1109 3882 cognatis
1127 3809 1232 3868 formis.
1253 3841 1288 3852 -
1307 3811 1366 3866 Neo

222 3921 287 3960 vero
306 3903 495 3974 interpunctio
517 3907 583 3974 post
605 3904 673 3958 duas
696 3905 795 3958 breves
814 3903 850 3957 ab
868 3900 950 3958 initio
968 3901 1092 3970 syllabas
1110 3900 1162 3956 illa
1181 3903 1258 3956 carot
1277 3917 1368 3954 exam-

221 3993 283 4074 plis.
323 3991 433 4048 Similia
451 3995 516 4047 sunt
533 3993 609 4048 Trio.
629 4012 654 4049 v.
675 3997 726 4046 170
745 3991 856 4061 Lepre:
880 3991 1047 4057 dhaeraauit,
1066 4009 1092 4046 v.
1112 3995 1164 4044 ⁵24
1183 3990 1289 4059 Apopc.
1313 3987 1367 4042 ST.

220 4083 400 4148 Adrermstia,
423 4081 482 4136 Mil.
502 4081 549 4150 lV,
573 4087 599 4148 3,
624 4085 656 4136 18
686 4079 761 4150 Quid
783 4079 829 4134 is?
857 4081 953 4150 ecquid
972 4125 978 4136 .
998 4123 1003 4134 .
1024 4121 1030 4133 .
1050 4077 1110 4134 Neo
1135 4076 1271 4132 dissimile
1291 4075 1366 4131 Tria.

222 4191 248 4226 v.
268 4177 321 4228 818
341 4171 463 4226 Mittam.
484 4170 542 4224 UA.
561 4172 591 4226 e'o
609 4186 656 4239 epo
675 4213 681 4224 .
702 4211 734 4225 ..

311 4259 352 4329 *ἢ
371 4257 423 4331 [ef.
443 4259 544 4328 Opusc.
564 4258 633 4327 phil.
653 4253 678 4312 ll
696 4276 723 4327 p.
744 4257 819 4330 668]

294 4348 351 4418 m)
374 4347 439 4403 Non
461 4346 561 4418 ignoro
584 4346 652 4417 qnid
675 4347 710 4402 de
733 4349 864 4402 accentus
888 4345 1051 4402 diversitate
1070 4344 1137 4398 tideo
1155 4342 1234 4398 verbi
1253 4344 1283 4400 at
1300 4343 1368 4399 adet>

222 4437 377 4509 particulas
400 4437 459 4492 rivo
477 4435 577 4492 Festus
600 4435 659 4491 sive
678 4435 791 4492 Paullus
809 4435 918 4492 tradatr
941 4434 1016 4503 qnod
1040 4431 1153 4502 quidem
1177 4447 1273 4488 acrum
1291 4432 1366 4502 ipso·

223 4546 284 4583 rum
303 4529 450 4598 poetarum
468 4525 605 4596 exemplo,
633 4524 681 4593 qni
699 4525 775 4581 vitae
793 4541 845 4580 usu
864 4524 1012 4595 probatam
1030 4520 1285 4594 pronuntiationem
1303 4523 1368 4576 sunt
