3332 5074
555 457 823 506 aarauusmoura
846 456 1055 504 rcsvvruuu.
1315 441 1380 507 423

235 621 265 682 p.
279 600 344 664 928
357 619 425 684 sqq.
445 603 479 663 et
496 597 533 664 G.
549 598 695 666 Curtium
714 605 863 666 nostrum
882 599 921 664 de
940 601 1068 666 format.
1087 605 1185 685 temp.
1204 605 1237 666 et
1257 601 1378 667 mador.

236 727 266 788 p.
289 705 448 791 259sqq.:
476 707 676 793 legemque
703 711 948 773 constantem
976 707 1264 773 formandorum
1292 731 1379 774 con-

235 812 496 878 iunctivorum
525 815 692 880 omnium
713 813 805 879 'hanc
832 813 948 898 fuisse,
977 817 1013 878 ut
1040 813 1164 898 origine
1193 837 1252 880 sua
1281 816 1382 900 longa

237 920 340 986 vocali
364 921 481 985 fierent
503 917 609 1006 (cuius
632 920 800 1005 primitiva
829 919 952 1003 species
976 941 1041 985 non
1065 920 1279 988 dubitandum
1302 923 1379 1007 quin

236 1038 249 1090 ῑ
276 1025 401 1112 fuerit),
429 1027 497 1092 sive
526 1049 598 1092 eam
627 1027 771 1093 vocalem
798 1047 814 1092 s
841 1027 950 1091 littera
978 1026 1044 1090 aive
1072 1049 1089 1089 r
1117 1027 1185 1090 siva
1214 1033 1229 1119 ty
1253 1028 1321 1094 sive
1348 1050 1381 1093 m

237 1134 429 1217 excipiebat:
456 1134 593 1200 decursu
621 1138 730 1199 autem
753 1133 910 1216 temporis
934 1129 1063 1198 demum
1086 1133 1209 1198 iactum
1233 1157 1317 1217 esse,
1344 1139 1382 1200 ut

236 1245 383 1306 servatae
406 1241 578 1306 etiamtum
600 1239 711 1304 Plauti
735 1241 841 1304 aetate
864 1240 982 1324 longae
1002 1238 1123 1304 vocalis
1146 1239 1309 1324 correptio
1333 1240 1381 1306 ita

236 1347 494 1433 increbresceret,
517 1352 554 1412 ut
576 1349 652 1432 post
674 1345 829 1411 Plautina
851 1350 1001 1429 tempora
1024 1345 1059 1410 in
1081 1347 1188 1410 certae
1211 1351 1382 1412 consuetu-

236 1454 321 1520 dinis
352 1455 567 1520 constantiam
597 1454 670 1538 ipsa
703 1453 845 1519 brevitas
876 1454 995 1538 abiret,
1027 1475 1137 1519 carum
1169 1475 1381 1540 personarum

236 1583 318 1646 quae
348 1561 381 1625 in
411 1583 443 1625 m
473 1565 506 1625 et
534 1583 552 1624 r
581 1565 614 1624 et
644 1565 657 1623 t
685 1564 802 1624 exeunt
832 1561 1027 1627 communis:
1057 1584 1122 1627 una
1152 1562 1236 1626 enim
1267 1583 1283 1626 s
1313 1583 1382 1627 cor-

236 1669 376 1752 reptioni
410 1689 536 1752 semper
567 1667 698 1732 restitit.
751 1665 910 1750 Exempla
941 1667 1059 1734 tertiae
1091 1688 1246 1751 personae
1279 1668 1381 1734 habes

238 1775 379 1860 primum
402 1777 445 1840 sit
468 1775 521 1856 [cl.
545 1798 575 1858 p.
600 1776 755 1853 ocaxvn]
781 1771 874 1838 Asin.
893 1772 950 1857 IV,
976 1775 1007 1856 1,
1034 1775 1084 1838 17.
1105 1771 1189 1838 Men.
1213 1773 1253 1858 V,
1277 1775 1307 1856 l,
1330 1773 1381 1838 55.

236 1881 303 1946 Mil.
327 1881 374 1965 ΙΙ,
397 1881 432 1964 2,
456 1881 496 1947 87
523 1877 612 1964 (nam
636 1879 674 1943 de
698 1877 814 1944 Bacch.
837 1877 861 1962 1,
884 1879 914 1963 2,
939 1879 1020 1966 32*)
1043 1879 1198 1964 perdubia
1222 1877 1301 1964 res):

325 2021 375 2087 Ne
399 2020 541 2106 epistula
564 2021 691 2106 quidem
715 2020 763 2085 illi
787 2021 856 2086 ulla
878 2022 920 2086 sit
941 2020 975 2085 in
999 2020 1140 2086 aedibus.

325 2145 375 2212 Ne'
398 2151 477 2230 tum,
500 2145 628 2230 qnando
649 2147 747 2210 sinus
765 2145 871 2210 iactus
894 2148 944 2228 sc,
967 2167 988 2210 a
1010 2167 1061 2209 me
1084 2150 1257 2232 argentim
1280 2149 1380 2230 petat.

326 2245 381 2353 lit,
405 2271 434 2334 si
455 2269 555 2334 illanc
577 2268 829 2336 concriminatus
852 2271 894 2335 sit
916 2269 1089 2336 aduorsum
1112 2269 1263 2336 militam.

236 2413 413 2478 Verissime
439 2413 523 2476 cuim
548 2413 754 2476 observatum
775 2416 825 2477 est
842 2435 1018 2498 numquam
1037 2415 1095 2478 siet
1111 2411 1249 2478 formam
1269 2435 1379 2478 accen·

234 2525 304 2585 tum
332 2519 451 2584 babere
480 2521 513 2584 in
536 2519 752 2602 paenultima:
782 2520 872 2585 cuius
900 2520 948 2584 rei
976 2519 1092 2585 melius
1120 2520 1185 2584 iam
1209 2541 1324 2586 caussa
1347 2525 1380 2586 et

234 2627 318 2692 ratio
343 2627 564 2711 perspicietur.
601 2625 676 2690 Non
694 2625 800 2712 magis
824 2626 855 2691 id
877 2626 950 2706 suot
972 2631 1004 2691 et
1026 2627 1095 2690 duit
1116 2626 1239 2690 formae
1262 2649 1378 2712 passae
1393 2653 1537 2696 ccxxxur

235 2737 323 2798 sunt:
351 2755 450 2818 quare
477 2733 564 2798 baud
593 2731 659 2798 scio
689 2754 729 2797 an
753 2754 819 2798 non
844 2732 1049 2798 sollicitanda
1072 2732 1139 2797 sint
1160 2732 1308 2816 producti
1331 2735 1380 2798 det

234 2839 429 2905 coniunctivi
453 2839 603 2923 exempla
625 2836 711 2902 Pers.
734 2837 760 2921 l,
783 2841 814 2921 2,
839 2840 888 2903 16.
913 2837 955 2922 ΙΙ,
978 2839 1007 2922 5,
1032 2840 1089 2903 26:

324 2979 385 3045 Sed
408 2981 589 3066 legirupam
614 2980 669 3065 qui
693 2980 834 3059 damnet,
857 2983 907 3046 det
928 2981 960 3045 in
985 2981 1165 3066 publicum:

323 3087 367 3152 Et
390 3085 506 3151 mulier
532 3089 569 3150 ut
597 3086 641 3152 sit
663 3084 772 3151 libera
796 3090 894 3170 atque
918 3087 988 3170 ipse
1010 3086 1097 3150 ultro
1120 3087 1170 3150 dec
1192 3088 1377 3170 arge'utum:

235 3229 446 3314 Captivorum
472 3232 581 3294 autem
605 3250 717 3293 versus
742 3229 783 3312 ΙΙ,
807 3229 836 3312 2,
863 3229 903 3292 10
926 3229 971 3292 sic
994 3227 1225 3292 restituendus:
1333 3313 1339 3322 ι

321 3369 435 3454 Νέφιθ
458 3371 618 3454 tenebis,
643 3370 671 3434 si
693 3369 769 3435 binc
793 3372 957 3453 abeamus,
981 3367 1011 3434 si
1028 3370 1101 3450 fuat
1123 3370 1258 3435 occisio.
1372 3433 1375 3438 .

234 3512 357 3577 Eadem
379 3512 464 3576 ratic
486 3513 562 3577 uelit
583 3511 673 3576 verbi
696 3511 780 3576 Men.
803 3512 884 3595 prol.
906 3513 963 3576 49:

327 3654 413 3736 Velit,
436 3654 588 3720 audacter
610 3651 770 3738 imperato
795 3660 829 3719 et
850 3652 961 3719 dicito:
1052 3701 1055 3710 ,

233 3797 313 3861 item
332 3795 419 3860 Trin.
439 3797 513 3880 306,
536 3801 573 3862 ut
595 3798 700 3882 capite
719 3795 782 3862 XV
806 3798 850 3880 [p.
865 3811 996 3861 ccxx1x
1016 3793 1125 3882 (463)]
1150 3797 1283 3881 planum
1306 3797 1375 3862 fiet:

338 3929 345 3948 Ι

303 3953 306 3960 ’
321 3955 438 4020 Vtrum
457 3955 545 4021 itane
565 3977 635 4021 esse
654 3955 782 4021 mdccclit
800 3959 837 4020 ut
852 3977 925 4021 eum
940 3956 1066 4021 animus
1082 3977 1218 4039 aequom
1237 3957 1351 4021 ceusea

1352 3963 1374 4021 t.

231 4095 322 4162 Haec
349 4098 377 4162 si
405 4098 501 4163 fidem
528 4098 663 4184 habent,
691 4099 788 4164 simul
815 4098 901 4164 banc
927 4097 993 4162 vim
1020 4098 1139 4163 babere
1162 4119 1293 4162 necessa
1315 4101 1375 4181 est,

231 4206 268 4267 ut
295 4225 315 4267 a
342 4205 438 4269 metri
466 4204 595 4288 quidem
623 4205 730 4269 vitiati
761 4203 942 4288 suspitione
969 4203 1085 4268 Militia
1114 4225 1241 4268 versum
1264 4201 1320 4286 IV,
1344 4205 1373 4286 6,

230 4309 273 4374 29
297 4310 448 4376 liberent:

319 4547 344 4624 ⁸)
365 4554 420 4625 [Cf.
439 4556 509 4612 Nov.
529 4571 587 4611 exc.
606 4555 698 4612 Plaat
718 4559 729 4612 I
748 4575 775 4627 p,
795 4563 830 4612 68
840 4557 894 4627 sq.]
