3302 5076
570 413 802 463 nnrnrurscna
826 413 953 461 annau.
1265 393 1329 457 643

190 558 275 643 quis,
308 579 482 640 quamnam
510 578 619 622 reram
649 558 871 622 existimemus
901 558 934 618 et
956 556 1120 619 aeternam
1144 553 1330 636 utilitatem,

190 663 339 728 uberiore
368 664 514 728 oratione
541 663 765 747 exponendum
794 666 887 748 putet
915 665 948 726 et
976 659 1221 745 disceptandum
1249 666 1330 725 tam·

190 792 286 854 quam
316 771 513 854 dubitatum,
546 771 630 854 quod
663 792 734 835 esse
763 770 944 837 confessum
974 773 1006 834 et
1034 767 1238 851 exploratum
1267 789 1330 832 uno

191 898 246 941 ore
269 877 292 941 ii
317 899 442 962 omnes,
470 877 586 962 quibus
609 877 689 941 haee
712 877 908 959 scribuntur,
931 873 1129 939 clamitaturi
1152 872 1226 939 sint.
1272 872 1331 938 Ee·

190 983 262 1068 quis
286 987 404 1069 autem,
427 1007 499 1050 eum
524 1007 582 1049 sua
605 1005 721 1048 caussa
743 982 903 1066 oulendas,
925 978 1162 1067 propagandas,
1185 999 1331 1056 exerren-

190 1091 248 1154 das
272 1090 399 1155 litteras
424 1091 563 1155 breviter
590 1089 766 1155 dixerimus
795 1092 828 1154 et
850 1089 1067 1172 populariter,
1092 1087 1150 1152 ‘vel
1172 1087 1332 1170 tantisper

191 1197 340 1261 dubitare
373 1197 474 1280 ausit,
507 1197 583 1281 quiu
616 1197 712 1262 buius
744 1196 847 1280 ipsius
879 1195 1132 1261 existimationis
1163 1193 1331 1279 persuasio

191 1304 401 1386 magnanimo
416 1303 627 1368 Altensteinii
651 1304 774 1388 pectori
798 1307 831 1367 et
853 1307 1021 1388 tamquam
1039 1302 1162 1367 intimis
1181 1299 1332 1366 medullis

192 1409 271 1474 adeo
295 1408 460 1494 insederit,
484 1415 520 1475 ut
537 1410 628 1475 nullo
648 1409 712 1474 alio
732 1431 771 1473 ex
788 1408 887 1492 fonte,
911 1403 1033 1473 uisi⁰ex
1051 1409 1109 1473 illa
1127 1407 1332 1492 potissimum

191 1516 309 1580 mentis
337 1516 549 1600 liberalitate,
581 1517 756 1600 repetenda
787 1516 853 1580 siut
881 1536 1102 1599 quaecumque
1129 1515 1190 1580 Ille
1213 1515 1248 1578 in
1271 1513 1333 1579 boe

191 1644 307 1708 genere
331 1644 483 1708 umquam
507 1623 658 1707 instituit,
681 1623 785 1706 iussit,
810 1622 920 1705 suasit,
943 1621 1120 1686 iudicavit?
1156 1620 1225 1685 Nee
1248 1620 1332 1686 enim

191 1731 317 1795 curiose
347 1729 546 1814 anquirenda
576 1731 724 1813 exempla
753 1733 842 1813 suut,
874 1728 929 1793 sed
957 1729 990 1793 in
1018 1725 1190 1811 propatulo
1217 1727 1335 1812 posita.

193 1834 263 1902 Nee
291 1841 399 1901 tamen
423 1838 555 1923 gravius
579 1839 805 1921 argumentum
828 1834 957 1900 aliunde
981 1835 1058 1898 lieet
1081 1855 1179 1918 quam
1202 1856 1219 1898 e
1243 1834 1334 1900 sebo·

193 1943 297 2008 larum
326 1944 507 2008 rationibus
531 1965 603 2009 eum
631 1941 829 2026 reliquarum
857 1945 967 2026 petere
994 1945 1063 2006 tum
1091 1939 1220 2024 barum,
1253 1963 1335 2025 quae

192 2051 277 2134 quod
296 2049 374 2114 olim
392 2050 433 2114 ab
452 2050 665 2134 collegiorum
684 2049 896 2114 universitate
914 2069 1033 2114 nomen
1051 2051 1230 2130 traxerunt,
1248 2048 1333 2111 idem
1347 2068 1382 2108 1x

194 2153 290 2219 bodie
328 2156 370 2220 ab
402 2155 582 2220 litterarum
615 2156 828 2220 universitate
862 2159 1036 2220 merentur.
1087 2153 1218 2218 Etenim
1255 2154 1335 2220 haee

193 2261 264 2345 ipsa
288 2261 468 2324 studiorum
488 2261 628 2326 varietas
649 2262 885 2346 amplissimum
904 2261 1072 2344 complexa
1091 2261 1335 2344 disciplinarum

193 2368 305 2432 orbem
333 2389 411 2430 num
440 2368 492 2431 eui
522 2368 620 2452 dirigi
650 2368 690 2432 ad
719 2371 807 2432 eerta
830 2367 916 2432 vitae
939 2388 1057 2453 genera
1079 2367 1181 2432 videri
1205 2368 1335 2452 potest?

193 2472 356 2539 Nimirum
385 2473 527 2538 civitatis
551 2475 601 2539 vel
631 2474 809 2539 commodis
832 2475 882 2539 vel
911 2474 1158 2540 necessitatibus
1182 2479 1220 2538 ut
1242 2474 1335 2540 satis·

191 2581 292 2662 fieret,
315 2579 415 2644 tantis
440 2602 519 2663 opus
544 2584 622 2663 erat,
646 2583 759 2664 quanti
783 2582 816 2645 in
839 2581 986 2666 singulas
1012 2582 1250 2665 provinciarum
1273 2582 1335 2646 Bo-

193 2686 386 2751 russioarum
410 2687 637 2752 universitates
661 2692 809 2772 sumptus
834 2689 1023 2772 erogantur!
1046 2692 1115 2752 tam
1137 2689 1227 2752 lauto
1250 2687 1336 2752 litte·

193 2814 303 2857 rarum
327 2793 414 2857 omni
439 2793 657 2858 subsidiorum
681 2814 798 2880 genere
821 2793 1146 2858 instructissimarum
1165 2795 1336 2877 apparatu!

193 2902 285 2964 tanto
309 2899 558 2965 lectissimorum
583 2901 725 2965 virorum
748 2921 883 2966 numero
907 2921 1081 2984 eorumque
1100 2900 1133 2964 in
1152 2921 1251 2964 uuum
1270 2923 1337 2966 cor-

195 3029 254 3090 pus
278 3008 461 3072 iunctorum
486 3009 713 3092 communique
737 3008 867 3092 collegii
890 3007 1018 3072 vinculo
1042 3007 1251 3071 sociaturuml
1276 3006 1336 3070 hae

194 3114 340 3199 denique,
364 3113 397 3178 id
422 3114 506 3200 quod
531 3115 694 3180 summum
717 3119 775 3198 est,
799 3114 965 3180 erudiendi
990 3119 1023 3179 et
1046 3113 1227 3178 subtilitate
1251 3117 1284 3178 et
1301 3114 1337 3176 li·

193 3220 335 3304 bertate,
367 3243 449 3305 quae
477 3243 536 3286 neo
564 3222 673 3305 capita
701 3220 854 3305 decerpat
882 3219 1038 3304 quaedam
1065 3239 1124 3282 nae
1148 3219 1336 3304 cuiusquam

196 3327 334 3392 arbitrio
362 3331 490 3411 pareat,
523 3328 674 3393 aeduum
700 3327 741 3392 ad
763 3327 933 3392 interiores
956 3326 1084 3390 litteras
1107 3347 1336 3426 usquequaqup
1417 3334 1418 3337 ’

195 3437 343 3516 penetret
370 3434 404 3497 iu
428 3435 579 3519 ipsasque
601 3456 709 3498 rerum
732 3456 864 3498 caussas
884 3455 955 3498 sese
973 3433 1123 3516 insinuet,
1145 3436 1214 3496 tum
1238 3433 1337 3498 nullis

196 3541 257 3604 nisi
281 3541 429 3605 veritatis
452 3539 612 3604 limitibus
636 3562 788 3624 umquam
812 3539 1102 3605 circumscribatur.

284 3645 356 3710 Hoc
385 3646 486 3728 igitur
509 3646 618 3710 animo
643 3647 696 3730 qui
722 3647 840 3711 artium
864 3647 1112 3727 litterarumque
1135 3666 1245 3710 euram
1269 3668 1337 3710 sus·

195 3753 330 3836 ceperit,
362 3774 435 3816 eum
466 3752 594 3817 demum
622 3752 756 3818 oonsilio
785 3773 881 3839 agere
910 3775 983 3817 vere
1007 3752 1097 3836 regio
1121 3753 1338 3846 oqneedimus:

195 3858 257 3925 boe
289 3857 425 3924 oonsilio
455 3859 510 3944 qui
539 3859 656 3944 egerit,
689 3881 762 3924 eum
792 3861 897 3925 solum
926 3864 1089 3925 aeternam
1119 3859 1246 3924 laudem
1276 3859 1337 3922 sibi

196 3965 358 4049 peperisse
382 3964 562 4030 iudicamus
585 3987 766 4050 nomenque
789 3965 1027 4031 immortalitati
1052 3965 1241 4049 prodidisse.
1278 3963 1339 4028 'la-

197 4071 326 4155 lsmque
350 4070 524 4136 babuimus
545 4094 639 4155 quem
658 4073 768 4136 vivum
786 4073 880 4136 nobis
899 4072 1136 4157 gratularemur
1153 4075 1337 4135 nostrarum

195 4197 302 4240 rerum
321 4177 495 4260 patrorium
511 4175 775 4261 Alteusteinium‚
798 4178 863 4242 iam
886 4177 982 4242 nobis
1006 4182 1152 4261 ereptum
1176 4199 1214 4240 ex
1238 4175 1337 4240 animi

196 4282 359 4346 sententia
386 4283 556 4368 lugeamus
585 4305 657 4347 eum
685 4285 778 4347 tauta
801 4284 936 4368 pietate,
969 4287 1123 4368 quantam
1148 4283 1201 4347 vix
1224 4304 1337 4366 sapere

195 4393 329 4474 pectora
351 4393 503 4474 possunt,
535 4409 601 4452 non
629 4393 738 4472 potest
767 4390 887 4474 brevis,
915 4411 1012 4474 quam
1035 4389 1090 4452 hio
1111 4389 1201 4454 loeus
1225 4389 1339 4473 posuit,

196 4497 309 4562 oratio.
355 4495 496 4561 Tantum
520 4495 605 4560 enim
630 4495 737 4590 abest,
770 4500 807 4559 ut
830 4495 1014 4578 gravissimi
1037 4496 1222 4578 argumenti
1246 4496 1338 4560 uber·

1073 4597 1128 4652 41*
