3332 5074
317 393 384 462 482
606 409 866 460 rnonaoouuua
890 409 937 458 ua
960 409 1171 460 narioumvs

318 577 471 641 generum
490 559 606 620 neutro
626 556 797 622 fluctuabit
814 556 977 640 iudicium,
1000 560 1034 621 at
1052 556 1090 621 de
1108 556 1224 622 borum
1244 555 1461 640 multitudine,

319 685 400 748 quae
430 667 506 728 sunt
528 663 635 728 media
656 685 715 729 nec
738 668 795 729 ant
818 685 952 750 gravem
975 664 1190 729 intentionem
1213 664 1382 749 postulant
1405 669 1463 728 aut

319 771 443 836 nullam
467 771 653 855 admittunt,
678 793 773 855 saepe
796 793 862 837 non
886 793 1058 855 possumus
1081 794 1148 838 non
1167 771 1374 836 vehementer
1397 794 1463 835 am·

320 877 430 962 bigere
458 881 566 942 utrum
598 877 765 942 intendere
794 900 835 942 an
863 900 930 943 non
958 878 1126 943 intendere
1154 879 1244 964 ipsos
1273 881 1386 963 poetas
1411 878 1461 942 vel

321 985 460 1049 voluisse
484 985 535 1050 vel
558 986 702 1070 potuisse
726 985 878 1051 dicamus.
923 985 969 1050 Et
992 989 1100 1050 tamen
1124 986 1160 1069 si,
1184 1007 1282 1069 quam
1306 986 1353 1050 illi
1377 985 1462 1050 viam

319 1093 491 1176 tenuerint,
513 1092 662 1158 volumus
682 1092 863 1177 generatim
882 1091 1026 1175 definire,
1043 1091 1157 1177 fugere
1175 1093 1337 1157 neminem
1355 1097 1464 1176 potest

221 1220 303 1261 sonu
319 1198 351 1262 id
375 1221 430 1264 eos
454 1199 624 1283 studuisse,
648 1203 684 1264 ut
707 1205 894 1284 quantum
917 1204 1081 1282 possent
1104 1205 1193 1264 extra
1218 1200 1316 1264 araim
1335 1200 1464 1264 nullum

320 1306 450 1371 omnino
474 1306 669 1371 vocabulum
692 1307 897 1390 collocarent,
921 1305 1016 1372 modo
1040 1304 1073 1369 id
1097 1307 1205 1390 aliqua
1228 1306 1260 1370 vi
1280 1307 1462 1390 praeditum

320 1416 406 1478 esset
429 1414 636 1498 quantumvis
661 1435 699 1476 es
723 1413 847 1497 exigua,
871 1413 926 1478 sod
950 1417 986 1478 ut
1004 1435 1211 1478 numerorum
1231 1413 1463 1497 verborumque

321 1519 449 1583 ordines
473 1519 609 1584 mirifico
634 1520 770 1584 artifieio
794 1524 992 1604 temperatos
1016 1524 1241 1606 exaequarent.
1271 1519 1370 1585 Velut
1392 1540 1464 1601 per-

320 1649 411 1690 curre
440 1627 484 1691 sis
512 1628 547 1691 in
575 1625 608 1690 id
637 1627 781 1692 intentus
811 1627 1005 1712 principium
1034 1626 1230 1692 Trinummi:
1267 1647 1344 1691 suos
1377 1626 1460 1689 ictus

320 1733 470 1799 metricos
499 1734 637 1818 singulis
665 1733 733 1798 fere
761 1734 894 1798 vocibus
918 1755 988 1798 esse
1011 1734 1169 1819 invenies,
1201 1733 1461 1817 paucitatemque

320 1839 480 1904 mirabere
504 1861 627 1924 earum,
660 1861 741 1924 quae
765 1863 838 1905 cum
860 1841 895 1904 in
917 1840 1003 1906 thesi
1027 1840 1158 1922 cubent,
1181 1841 1272 1905 nulla
1295 1840 1345 1904 sui
1368 1841 1462 1923 parte

319 1947 419 2012 arsim
448 1952 614 2031 occupent.
664 1945 749 2011 Nam
778 1947 877 2012 arsim
904 1946 991 2030 quod
1018 1969 1084 2011 non
1112 1968 1238 2032 semper
1266 1967 1305 2010 ea
1334 1946 1463 2029 syllaba

320 2059 465 2137 occupat,
488 2076 571 2137 quae
595 2053 842 2138 grammaticum
866 2056 1035 2117 accentum
1058 2053 1167 2136 habet,
1190 2054 1223 2118 id
1246 2053 1328 2116 nihil
1352 2052 1392 2116 ad
1416 2053 1464 2116 lo-

320 2161 427 2244 gicum
450 2161 604 2244 pertinet:
636 2160 687 2224 eui
712 2159 840 2245 quidem
864 2182 928 2225 non
953 2159 1061 2224 minus
1086 2161 1207 2225 satisfit
1230 2162 1258 2224 si
1282 2160 1373 2224 velut
1396 2159 1462 2224 vim

320 2267 499 2332 sententiae
523 2267 645 2331 hebens
672 2267 761 2331 uedeo
784 2267 834 2330 vel
858 2287 986 2348 aequom
1008 2287 1217 2332 numerorum
1241 2271 1376 2332 accentu
1398 2288 1463 2330 nou

319 2373 381 2437 boe
405 2374 598 2457 intenditur,
620 2375 721 2452 uideo,
744 2375 886 2455 mouera,
909 2374 965 2438 sed
987 2374 1049 2466 boo
1072 2375 1181 2458 potius
1204 2375 1305 2453 uided,
1328 2375 1464 2456 metm.

319 2476 395 2543 Non
423 2479 485 2544 boc
513 2481 632 2564 dicam,
664 2479 746 2544 nihil
777 2502 910 2563 prorsus
937 2481 1095 2545 interesse
1119 2481 1160 2545 ad
1183 2483 1249 2546 vim
1273 2482 1464 2563 sententiae,

320 2592 428 2650 utrum
452 2589 485 2652 in
509 2609 581 2651 eam
606 2587 780 2671 syllabam,
803 2609 901 2672 quam
925 2589 1122 2653 consuetudo
1145 2588 1275 2674 linguae
1299 2588 1399 2672 acuit,
1423 2609 1464 2652 au

320 2692 448 2758 ineam
472 2715 554 2779 quae
578 2696 792 2778 grammatico
817 2699 951 2758 accentu
974 2697 1075 2778 earet,
1104 2696 1187 2760 ictus
1210 2696 1363 2760 metricus
1386 2695 1464 2759 inci-

320 2800 388 2864 det:
412 2801 585 2865 concedam
609 2801 760 2884 copulato
784 2802 998 2885 grammatico
1023 2823 1095 2866 eum
1119 2801 1306 2885 rhythmico
1330 2805 1464 2866 accentu

321 2909 464 2973 omnium
483 2908 699 2973 fortissimum
719 2913 886 2972 accentum
906 2908 1047 2992 logicum
1067 2908 1209 2992 prodire:
1234 2929 1317 2993 nego
1337 2908 1464 2973 nullum

320 3014 371 3078 vel
395 3015 510 3080 exilem
535 3017 603 3081 solo
627 3014 810 3097 rhythmico
834 3013 927 3079 effici.
958 3014 1051 3091 Quod
1074 3016 1139 3080 nisi
1158 3017 1205 3080 ite
1224 3021 1317 3100 esset,
1340 3017 1462 3080 nullius

320 3144 473 3206 umquam
502 3127 664 3207 oxytonee
691 3124 779 3188 vocis
809 3119 969 3206 (qualium
998 3126 1124 3186 tantam
1153 3145 1223 3186 esse
1251 3122 1286 3186 in
1316 3123 1463 3188 versibus

319 3228 534 3312 frequentiam
562 3229 715 3314 vidimus)
744 3230 875 3315 gravius
903 3229 1009 3293 efferri
1037 3229 1128 3294 notio
1157 3230 1325 3313 potuisset.
1375 3229 1464 3315 Ergo

321 3336 382 3399 etsi
401 3337 512 3418 paullo
532 3357 609 3400 sane
630 3336 816 3402 distinctius
836 3336 948 3401 extolli
962 3339 1104 3400 aetrnum
1121 3338 1288 3401 notionem
1309 3336 1465 3400 sentimus

319 3442 381 3506 hac
411 3443 624 3508 collocatione
651 3445 824 3509 verbomm
846 3443 933 3508 Trin.
957 3443 1036 3507 310:
1075 3443 1123 3506 Ta
1146 3443 1287 3508 anianum
1309 3445 1339 3509 si
1360 3445 1465 3508 uicisti

314 3548 476 3636 potias*),
509 3573 606 3635 quam
631 3552 692 3616 hac
717 3553 766 3615 Tel
788 3553 817 3616 si
838 3552 980 3614 ociosum
1002 3551 1106 3614 ambli
1121 3552 1241 3632 petiam,
1273 3555 1381 3615 tamen
1405 3571 1465 3614 nec

409 3815 435 3884 l)
458 3815 519 3870 Hoc
542 3816 565 3870 si
591 3816 777 3888 elegantiores
800 3815 909 3870 scilicet
931 3815 1012 3870 scioli
1030 3815 1145 3884 quidam
1163 3817 1313 3885 propterea
1330 3831 1391 3869 esse
1409 3813 1464 3868 for-

320 3904 377 3959 tine
399 3903 436 3958 ad
459 3905 627 3960 sententiam
651 3923 735 3974 quam
758 3907 880 3960 animem
899 3905 1012 3972 docent,
1036 3905 1110 3974 quod
1129 3905 1159 3958 in
1177 3906 1300 3959 dcimam
1318 3906 1464 3958 accentum

320 3991 400 4048 radix
420 3993 495 4048 vocis
515 3993 640 4064 recipiat,
659 3995 689 4049 in
707 4011 764 4065 qua
781 3993 843 4064 ipsa
861 3993 982 4047 notionis
1002 3993 1169 4062 significatio
1189 3994 1336 4061 consistet,
1355 3993 1384 4046 in
1403 3994 1464 4046 oni·

321 4087 395 4138 mdm
413 4087 508 4138 autem
526 4083 685 4138 adventicia
703 4100 768 4153 pars
786 4083 876 4150 vocis,
895 4098 967 4153 quae
986 4085 1030 4136 est
1047 4081 1221 4152 terminatio,
1240 4085 1369 4137 acuatur:
1392 4080 1465 4135 nibil

320 4170 375 4226 nisi
398 4171 589 4241 ignorantiam
612 4171 736 4242 produnt
758 4187 851 4240 suam,
879 4171 1086 4226 communicata
1109 4188 1172 4226 cum
1195 4187 1297 4241 graece
1322 4169 1465 4238 latinaque

320 4260 419 4330 lingua
442 4261 609 4316 vernaculae
627 4260 741 4329 linguae
760 4259 881 4329 ratione,
910 4277 981 4328 quae
1000 4261 1036 4314 ab
1055 4260 1112 4314 illis
1131 4263 1175 4314 eet
1193 4259 1372 4315 alienissima.
1412 4257 1466 4323 Qui

321 4365 376 4417 quo
395 4349 510 4404 tandem
529 4349 650 4404 artificio
668 4349 798 4404 eflectum
817 4365 877 4403 esse
897 4349 1006 4418 dicant,
1029 4353 1061 4404 ut
1085 4350 1143 4403 ullo
1166 4349 1196 4404 in
1214 4349 1277 4404 loeo
1295 4349 1395 4404 talium
1414 4364 1464 4402 no-

320 4437 427 4490 tionum
451 4437 560 4493 radiees
583 4440 762 4504 acuerentur,
785 4438 882 4504 quales
905 4441 971 4492 sunt
988 4439 1120 4507 persistit,
1142 4439 1291 4492 bondmbcs
1314 4455 1377 4493 cum
1401 4437 1466 4492 aliis

321 4524 464 4578 centenis?
