3332 5074
579 407 848 455 auauolrrours
872 407 1081 456 raavrrusu.
1341 393 1406 460 453

257 548 407 614 dicantur
430 550 569 616 mediam
594 550 769 635 corripere:
793 550 824 616 id
844 551 929 636 quod
948 550 1108 615 rationem
1128 553 1160 616 et
1177 553 1405 618 necessitatem

258 658 305 722 ita
327 662 455 724 tanturn
484 657 670 724 habiturum
700 662 800 742 esset,
828 658 856 722 si
885 657 949 722 illis
978 658 1012 722 in
1040 657 1129 722 exitu
1159 679 1309 754 versuum
1338 682 1405 724 um·

257 787 354 849 quarn
378 769 465 829 esset
488 765 578 830 locus
603 786 781 830 concessus.

345 869 524 936 Licentiam
547 891 676 936 omnem
700 871 866 936 alterius
888 871 1014 955 partis
1038 872 1295 958 senariorum,
1324 895 1405 959 quae

255 982 304 1042 est
331 981 422 1063 post
450 999 662 1061 caesuram,
690 978 878 1063 complexus
906 1001 987 1044 sum.
1032 976 1117 1044 Nam
1145 980 1231 1064 quod
1259 979 1339 1044 telio
1368 987 1406 1042 ut

255 1085 431 1150 malueris
458 1086 605 1168 recipiam
628 1088 794 1149 accentum
824 1086 929 1150 solent
951 1084 985 1148 in
1008 1088 1124 1169 quarta
1149 1107 1168 1149 a
1191 1087 1255 1151 fiue
1279 1085 1405 1172 syllaba

254 1192 387 1277 habere,
415 1213 453 1256 ea
481 1214 540 1257 nec
563 1191 694 1256 licentia
717 1193 824 1276 potius
849 1215 946 1278 quam
970 1193 1171 1259 consuetudo
1195 1193 1257 1257 fuit
1279 1214 1339 1258 nec
1361 1193 1403 1257 ab

255 1298 323 1363 ulla
345 1303 438 1383 parte
457 1320 607 1364 versuum
627 1299 757 1364 exclusa
775 1304 838 1364 est:
862 1299 981 1385 quippe
999 1321 1131 1384 prorsus
1151 1323 1216 1386 quo
1235 1299 1404 1384 dactylicis

255 1405 401 1488 vocibus,
435 1405 543 1471 solute
575 1405 704 1490 quidem
737 1405 814 1488 arsi,
848 1405 1146 1490 quadrisyllabo
1180 1405 1289 1470 omnia
1321 1428 1403 1491 quae

253 1511 595 1594 proceleusmatici
618 1533 803 1578 mansurum
832 1515 973 1596 aequant
1001 1511 1115 1577 habita
1138 1517 1214 1578 sunt
1236 1512 1402 1596 dactyli-

254 1639 460 1704 corumquc
480 1623 646 1684 accentum
665 1623 845 1700 servarunt,
865 1619 914 1682 vel
934 1619 1127 1685 ereticorum
1146 1640 1228 1703 quae
1246 1639 1402 1704 paeonem

254 1727 405 1808 quartum
428 1729 580 1811 aequant,
607 1749 668 1792 nec
691 1726 796 1791 minus
821 1726 855 1789 in
879 1725 1155 1809 antepaenultimo
1180 1748 1277 1809 quam
1299 1725 1334 1790 in
1357 1725 1428 1790 ul·.

257 1830 338 1897 timo
353 1833 433 1915 pede
449 1833 517 1898 sive
532 1832 733 1898 senariorum
749 1833 816 1898 sive
831 1829 1087 1916 septenariorum
1107 1827 1250 1916 (quaudo
1269 1829 1401 1914 paenul-

255 1938 356 2010 timus
380 1940 580 2005 tribrachum
603 1961 667 2005 nou
691 1939 892 2023 frequentius
916 1959 1014 2023 quam
1036 1957 1154 2020 purum
1177 1937 1322 2002 iambum
1346 1936 1401 2002 ad-

253 2046 372 2132 misit),
400 2052 438 2113 ut
464 2047 650 2111 cruciculam
676 2067 724 2110 me
750 2067 787 2110 aa
810 2042 971 2127 Chrysalo,
998 2043 1149 2126 canebas
1176 2043 1402 2126 quassemus,

252 2153 392 2218 mulieris
421 2174 553 2235 quacum
582 2151 716 2238 bombat.
761 2149 800 2215 In
831 2151 949 2216 horum
979 2155 1087 2216 autem
1116 2172 1288 2216 numerum
1315 2151 1401 2216 infra

253 2260 464 2345 perspicietur
486 2259 585 2324 etiem
609 2257 791 2323 Trinummi
813 2257 894 2322 illud
916 2257 1027 2322 venire
1051 2281 1080 2323 v.
1106 2259 1180 2322 134:

345 2419 457 2504 Neque
480 2420 519 2484 dc
542 2418 603 2485 illo
628 2419 799 2504 quicquam
823 2417 917 2500 nc'que
939 2419 1050 2482 erracre's
1072 2440 1175 2504 neque
1200 2417 1364 2484 uenderes.
1414 2451 1532 2494 coxvm

251 2579 320 2646 Neo
351 2579 410 2644 illa
440 2579 616 2665 singularis
646 2579 777 2644 licentia
807 2582 870 2660 est,
901 2579 986 2663 quod
1018 2579 1209 2644 iambicus
1239 2559 1347 2662 iaces,
1380 2602 1399 2644 a

253 2709 389 2770 quarum
412 2686 561 2770 neglecto
585 2689 718 2750 accentu
742 2707 815 2750 cum
838 2688 952 2749 nostre
970 2684 1146 2769 disputatio
1165 2688 1234 2749 tum
1253 2689 1398 2752 veterum

251 2798 420 2878 poetarum
449 2815 501 2858 ars
529 2793 635 2858 omnis
663 2792 811 2876 profecta
838 2795 902 2875 est,
929 2791 963 2854 in
987 2792 1137 2858 omnibus
1162 2791 1294 2857 omnino
1317 2791 1397 2857 locis

252 2900 411 2964 admissae
440 2903 516 2966 sunt
539 2923 558 2962 a
582 2898 694 2982 quavis
717 2897 904 2964 condicione
927 2898 1057 2963 liberae.
1103 2898 1204 2963 Velut
1227 2902 1301 2962 aute
1324 2899 1396 2962 ulti·

252 3029 338 3071 mem
371 3006 535 3091 dipodiam
568 3004 768 3070 senariorum
797 3004 884 3070 Tria.
914 3005 955 3068 87
982 3009 1071 3086 potes
1098 3026 1135 3068 nc
1160 3006 1304 3086 srcpiccr,
1334 3006 1396 3069 104

250 3135 348 3178 asana
370 3113 596 3197 Μερανοπὰίεε,
622 3111 682 3175 141
708 3132 792 3174 orcae
814 3112 1055 3192 concreditumst,
1079 3109 1157 3174 item
1182 3133 1208 3173 v.
1232 3110 1302 3174 140.
1321 3111 1395 3175 221.

250 3219 325 3285 484.
349 3221 423 3284 486.
447 3219 521 3284 490.
550 3219 624 3284 530.
652 3218 727 3283 560.
756 3218 829 3282 741.
859 3217 931 3281 753.
978 3215 1039 3282 Vel
1071 3216 1109 3280 in
1139 3216 1257 3280 tertio
1289 3216 1395 3300 pede,

251 3326 337 3410 quod
363 3326 448 3390 hanc
474 3327 602 3390 tentum
630 3325 671 3390 ob
699 3346 847 3388 caussam
875 3345 984 3388 rarum
1008 3326 1070 3405 est,
1099 3323 1264 3406 quianon
1287 3327 1396 3407 potest

250 3431 311 3495 nisi
340 3431 375 3495 in
401 3431 549 3496 versibus
578 3431 825 3515 penthemimeri
849 3451 982 3495 caesura
1005 3431 1187 3495 carentibus
1211 3430 1317 3494 locum
1340 3429 1395 3492 ha·

251 3538 326 3602 bere
349 3540 386 3602 ut
409 3560 439 3602 v.
462 3537 538 3602 734:

339 3697 457 3761 Pareta
479 3698 537 3763 dos
559 3699 679 3779 domist,
701 3696 765 3761 nisi
789 3695 974 3780 exspecttre
998 3700 1061 3761 uis:

250 3859 352 3924 multo
376 3859 476 3923 etiam
495 3858 600 3923 rarius
619 3857 675 3942 ito,
699 3861 736 3922 ut
754 3855 893 3922 iambica
912 3877 973 3922 vox
991 3856 1025 3919 in
1044 3857 1183 3921 secundo
1203 3855 1283 3939 pede
1301 3877 1394 3939 prae-

249 3964 351 4048 cedet,
374 3968 411 4029 ut
433 3963 504 4030 Tar.
527 3963 610 4028 Eun.
634 3961 674 4047 V,
700 3966 728 4047 1,
753 3965 807 4029 16:

338 4105 481 4172 Scelesta
502 4097 590 4172 maela
613 4105 687 4188 lupc'
708 4102 883 4169 commisti:
905 4103 1063 4187 dispudet.

249 4266 321 4343 Quo
352 4271 463 4331 tamen
495 4266 600 4330 tribus
632 4264 778 4330 iambicis
810 4263 946 4348 pedibus
979 4262 1141 4327 continuis
1174 4263 1270 4348 longe
1301 4265 1392 4348 peior

247 4371 445 4438 Bacchidem
468 4394 579 4438 versus
603 4371 645 4456 11,
668 4372 698 4456 3,
725 4372 801 4436 110:

338 4513 375 4578 Id
399 4515 443 4582 mi
466 4513 551 4580 baud
576 4514 682 4580 utram
703 4514 797 4578 uelim
818 4513 916 4578 licere
939 4511 1101 4596 intellego,
