3302 5076
568 386 802 438 unvurmscus
826 389 955 437 sensu.
1264 370 1329 434 673

188 555 258 600 esse
273 533 476 616 singulorum
493 531 661 598 hominum
681 537 805 598 aetates
824 533 1030 598 incrementis
1044 533 1111 598 illis
1126 530 1331 616 assequendis

189 645 288 725 atque
307 637 570 724 complectendis:
595 640 642 704 ita
660 639 731 703 fieri
751 643 795 724 ut,
813 638 889 703 dum
908 639 1067 724 professio
1086 639 1269 704 litterarum
1289 637 1333 700 sit

190 769 287 832 penes
311 747 467 830 seniores,
495 767 594 830 penes
618 745 761 810 iuniores
791 745 963 811 earundem
987 746 1186 811 incrementa
1209 744 1276 808 sint
1299 745 1332 806 et

190 853 411 918 recentissima
432 873 579 938 quaeque
601 852 740 917 inventa.
787 851 871 916 Huic
896 855 1002 916 autem
1026 849 1245 916 criminationi
1270 849 1332 912 etsi

190 960 369 1026 rectissime
401 961 448 1025 ita
481 958 706 1044 respondetur,
739 963 776 1022 ut
808 957 868 1022 hoc
900 957 972 1042 ipso
1005 959 1140 1024 oonsilio
1171 955 1334 1041 privatim,

192 1089 257 1132 non
280 1068 412 1152 publico
436 1065 544 1130 officio
564 1063 749 1130 docentium
768 1087 885 1130 munus
904 1087 974 1130 esse
993 1065 1180 1130 institutum
1192 1063 1334 1145 dicatur,

192 1195 231 1237 ne
261 1178 443 1240 senesceret
472 1179 568 1259 atque
598 1173 815 1238 obsolesceret
842 1175 893 1237 vel
918 1173 1055 1239 scientia
1077 1171 1260 1237 litterarum
1285 1172 1334 1236 vel

192 1279 421 1354 tradendarum
454 1279 800 1364 propagandarumque
832 1279 916 1345 ratio
945 1301 982 1344 ac
1010 1279 1190 1365 disciplina:
1225 1281 1334 1342 tamen

192 1387 358 1452 fatendum
388 1391 437 1452 est
465 1387 517 1451 vel
541 1387 587 1451 sic
612 1387 813 1470 aliquantum
837 1386 877 1452 ad
901 1387 947 1470 id,
980 1387 1066 1470 quod
1089 1386 1134 1450 sit
1156 1385 1334 1470 perfectum

193 1494 244 1558 vel
267 1492 409 1575 perfecto
433 1492 630 1576 proximum,
659 1491 843 1558 desiderari.
888 1491 934 1556 Et
957 1515 1057 1557 unum
1081 1493 1232 1578 quiddam
1255 1491 1336 1557 satis

194 1601 298 1666 habeo
322 1622 387 1665 uno
410 1599 509 1663 verbo
534 1593 741 1684 significasse,
763 1620 828 1683 quo
853 1598 981 1683 quidem
1000 1599 1087 1666 illius
1106 1599 1232 1665 consilii
1251 1599 1336 1663 salu-

194 1707 313 1790 britas,
335 1706 369 1770 in
392 1725 455 1789 quo
478 1703 584 1788 ipsam
608 1705 675 1770 vim
699 1705 831 1770 vitalem
855 1705 1106 1772 universitatum
1129 1705 1336 1791 potissimum

193 1835 263 1877 esse
287 1812 464 1896 repositam
488 1811 612 1896 pridem
643 1811 844 1875 intellectum
868 1815 931 1894 est,
958 1833 1024 1876 non
1047 1812 1251 1877 mediocriter
1274 1812 1336 1876 cle-

195 1905 294 1984 vatur'
312 1923 408 2002 atque
433 1921 634 1983 attenuatur:
664 1917 726 1981 hoc
749 1917 837 2002 dico,
860 1916 946 2001 quod
970 1919 1155 1982 etiamnunc
1179 1918 1337 2002 quaedam

195 2025 379 2090 docentium
408 2024 538 2089 scholae
566 2026 655 2105 sunt,
689 2043 768 2107 quas
791 2021 991 2106 frequentari
1015 2044 1080 2088 non
1103 2023 1194 2108 optio
1218 2023 1338 2088 discen·

196 2134 277 2197 tium
302 2135 334 2195 et
356 2130 459 2195 libera
482 2133 642 2213 potestne,
666 2127 721 2192 sed
745 2129 826 2216 legis
849 2129 1027 2194 necessitas
1050 2129 1174 2195 iubeat:
1205 2153 1269 2214 quo
1293 2131 1339 2194 in-

197 2239 312 2303 stituto
346 2235 429 2300 nihil
462 2238 575 2300 nostra
608 2235 769 2301 sententia
803 2235 940 2321 cogitari
977 2237 1188 2320 perniciosius
1222 2241 1340 2321 potest.

196 2345 319 2410 Verum
342 2341 404 2408 hoc
428 2345 464 2407 ut
484 2342 626 2406 mittam:
650 2362 744 2425 spero
764 2342 851 2405 enim
869 2341 938 2406 fore
958 2347 995 2407 ut
1013 2343 1146 2409 abolitis
1165 2349 1233 2409 tam
1253 2342 1339 2407 dam·

196 2451 286 2516 noeis
306 2449 433 2534 legibus
453 2447 628 2532 aliquando
648 2447 812 2513 adversm
830 2449 1023 2533 plenamque
1041 2449 1225 2514 libertatem
1241 2449 1340 2514 etiam

197 2559 232 2622 in
254 2558 316 2622 boc
339 2575 457 2641 genere
480 2554 706 2637 perveniamus
726 2555 776 2619 vel
800 2555 908 2638 potius
932 2555 1113 2620 redeamus:
1135 2556 1222 2621 idem
1245 2555 1341 2620 facile

196 2663 323 2750 largior
344 2683 384 2727 ne
408 2661 454 2726 sio
479 2661 609 2746 quidem
632 2661 829 2726 senescentis
853 2667 886 2727 et
910 2662 1143 2728 obsolescentis
1162 2663 1197 2726 in
1215 2662 1342 2728 univer·

198 2770 352 2836 sitatibus
383 2769 505 2833 nostris
539 2768 590 2834 vel
625 2768 779 2834 scientiae
812 2769 863 2833 vel
897 2769 1115 2834 institutionis
1148 2769 1343 2835 detrimenta

199 2879 278 2942 satis
302 2876 343 2940 ab
368 2875 456 2940 omni
481 2878 582 2959 parte,
604 2880 642 2940 ut
665 2897 751 2940 nunc
773 2897 825 2939 res
846 2880 905 2960 est,
929 2875 1140 2959 compensari,
1163 2875 1258 2961 idque
1277 2897 1342 2940 non

198 3006 296 3049 unam
325 2983 366 3047 ob
394 3002 553 3046 caussam.
598 2980 675 3047 Dixi
704 2982 742 3047 de
765 2981 948 3048 litterarum
972 2982 1193 3068 incrementis,
1226 2980 1343 3065 quibus

199 3088 412 3174 exsequendis
440 3109 504 3153 non
532 3110 593 3172 par
621 3089 665 3154 sit
692 3088 894 3174 singulorum
923 3089 1046 3156 indoles
1074 3089 1174 3154 etiam
1203 3087 1343 3154 nonde·

200 3217 359 3262 crescens:
383 3193 489 3258 dicam
513 3215 600 3259 nunc
622 3195 662 3260 dc
680 3195 798 3261 indolis
818 3195 1030 3281 decremento,
1052 3218 1112 3262 nec
1131 3195 1243 3261 celabo
1263 3213 1345 3278 quae

201 3325 271 3368 esse
295 3323 371 3368 vere
395 3299 632 3366 eoncedendum
657 3303 714 3385 sit,
737 3324 801 3367 non
824 3302 973 3386 pudenda
996 3306 1120 3387 tamen,
1143 3301 1220 3387 quia
1243 3299 1345 3384 ipsius

200 3412 362 3476 humanae
384 3410 520 3473 naturae
544 3409 612 3474 sive
635 3408 830 3474 necessitate
854 3410 924 3475 sive
947 3409 1027 3474 vitio
1051 3411 1141 3474 fiunt.
1173 3406 1242 3473 Nec
1261 3407 1345 3470 enim

188 3518 303 3583 -vires
326 3517 453 3580 tantum
478 3514 596 3579 mentis
620 3515 654 3579 in
677 3519 868 3580 senescente
891 3537 1024 3601 corpore
1049 3518 1268 3598 marcescunt,
1292 3514 1348 3579 sed

202 3624 233 3688 vi
262 3620 504 3686 consuetudinis
530 3621 679 3686 voluntas
709 3643 836 3707 quoque
866 3622 1049 3707 languescit
1076 3627 1110 3687 ct
1140 3627 1229 3687 certa
1253 3643 1348 3707 quae·

202 3730 277 3794 dam
308 3726 445 3794 facultas
475 3749 575 3813 eaque
606 3728 645 3794 ad
677 3728 841 3793 fructuose
869 3729 1047 3794 docendum
1078 3729 1272 3813 gravissima
1294 3727 1348 3792 he·

203 3835 314 3901 bescit.
360 3832 405 3897 Et
427 3831 508 3898 haec
530 3835 660 3919 quidem
683 3834 824 3900 facultas
848 3835 880 3899 iu
905 3855 942 3900 eo
966 3829 1122 3920 cernitur,
1150 3834 1252 3921 quod,
1281 3855 1344 3920 quo

203 3941 420 4027 provectiores
440 3942 549 4005 aetate
568 3941 745 4007 iuventutis
764 3940 911 4006 doctores
932 3941 1109 4026 evadimus,
1130 3963 1169 4006 eo
1189 3941 1251 4006 etsi
1271 3960 1349 4004 sanc
1364 3963 1397 4006 vr

205 4046 397 4112 maturiores
425 4046 626 4130 exsistimus,
649 4047 746 4112 simul
768 4050 878 4112 tamen
900 4069 966 4114 non
990 4069 1162 4132 possumus
1186 4069 1251 4111 non
1275 4045 1350 4109 alie-

204 4152 312 4215 niores
336 4149 376 4214 ab
400 4151 472 4233 ipsa
489 4151 597 4216 indole
617 4152 796 4219 iuventutis
820 4153 903 4218 fieri:
927 4157 1040 4218 contra
1062 4175 1125 4238 quo
1148 4153 1281 4238 propior
1303 4151 1350 4215 iu-

206 4256 306 4322 venili
328 4259 443 4322 nostra
467 4259 555 4322 aetas
579 4261 639 4342 est,
663 4279 700 4322 eo
720 4263 753 4322 et
771 4258 897 4324 facilius
917 4263 949 4324 et
969 4259 1131 4326 efficacius
1152 4258 1191 4322 ud
1210 4257 1350 4322 iuvenile

206 4365 354 4427 nostrum
379 4364 546 4447 ingenium
570 4363 851 4430 accommodamus
875 4368 908 4429 et
927 4370 1093 4448 tamquam
1113 4364 1350 4446 assimulamus,

207 4491 271 4554 quo
294 4469 332 4532 fit
354 4472 392 4533 ut
414 4469 478 4555 ipsi
501 4471 653 4534 iuvenum
683 4470 781 4534 saluti
805 4472 924 4536 rectius
948 4471 1163 4536 consulamus.
1211 4468 1352 4534 Invidio-

259 4593 300 4627 sa.
321 4591 472 4626 nrrscuearr
493 4592 630 4627 oevsovan
651 4593 676 4626 ν.
1105 4579 1139 4628 43
1223 4611 1228 4620 ·

625 4727 644 4767 O
