3302 5076
579 436 813 486 nurnrurscnu
836 437 963 485 nanus.
1272 423 1338 488 645

196 583 360 666 queretur,
378 581 508 648 etiamsi
521 578 670 664 publicae
690 579 936 666 significationis
956 579 1158 646 sollemnitas
1176 583 1268 647 nulla
1286 605 1337 648 ae·

196 688 331 753 cederet.
384 686 446 752 Sed
477 691 587 752 tamen
622 709 694 752 eam
726 709 798 752 eum
832 687 962 752 illorum
994 687 1136 752 virorum
1169 688 1338 774 sapientia,

194 794 311 878 quibus
338 797 468 860 nostrae
496 817 548 860 res
576 815 670 860 curse
700 798 790 880 sunt,
822 798 856 860 et
879 794 1087 861 constituerit
1109 797 1142 860 et
1164 815 1337 878 perennem

195 922 265 965 esse
288 901 441 980 voluerit,
462 923 528 966 non
551 903 660 984 potest
682 901 744 966 hoe
767 922 832 967 non
854 905 940 966 recte
957 904 998 966 et
1015 900 1190 966 salubriter
1208 899 1336 965 institu-

193 1012 263 1071 tum
290 1007 399 1072 videri.
445 1006 591 1072 Primum
619 1007 707 1074 enim
734 1008 839 1092 pietas
866 1008 928 1073 hoc
957 1006 1191 1092 efflagitabat?
1206 1011 1257 1092 ut,
1285 1007 1337 1072 eui

193 1113 272 1179 haec
300 1114 482 1179 litterarum
511 1115 705 1180 universitas
733 1116 826 1198 pluro
853 1115 984 1181 deberet
1016 1117 1049 1180 et
1083 1114 1207 1180 maiora
1240 1135 1336 1198 quam

193 1224 318 1286 ceterae
352 1222 508 1287 bonarum
542 1223 660 1286 artium
693 1221 784 1286 sedes
812 1221 984 1305 beneficia,
1016 1222 1046 1287 ei
1074 1222 1337 1306 honosquoque

192 1328 385 1392 luculentior
407 1329 447 1392 ab
472 1329 583 1394 eadem
606 1329 789 1396 haberetur.
836 1327 921 1394 Nam
946 1349 1019 1394 cum
1043 1328 1186 1413 reliquae
1210 1349 1336 1394 conser-

195 1439 341 1501 vatorem
365 1457 541 1520 sanequam
563 1435 732 1500 liberalem
757 1435 1011 1519 clementemque
1034 1434 1152 1500 Dlvvrs
1175 1434 1336 1500 ansm·

193 1542 497 1614 cvavmnnnvn
519 1542 569 1608 ΙΙΙ
593 1545 793 1626 venerentur,
816 1547 851 1606 at
873 1541 953 1606 hsce
976 1543 1144 1606 nostrast
1167 1562 1336 1606 conserva·

193 1652 297 1714 torem
321 1653 353 1714 et
376 1649 575 1716 conditorem
600 1648 746 1734 suspicit,
770 1649 900 1733 eiusque
924 1647 1099 1734 singularis
1123 1647 1247 1731 gratiae
1270 1669 1337 1714 non

191 1756 291 1820 habet
318 1755 383 1821 nisi
412 1777 508 1820 unam
537 1756 668 1821 sociam.
719 1753 781 1820 sed
810 1755 905 1839 quod·
924 1754 1029 1838 pietas
1057 1753 1219 1839 flagitare,
1251 1754 1336 1819 idem

192 1863 326 1928 suadere
354 1866 388 1927 et
410 1863 634 1927 commendare
657 1862 839 1927 honestatis
864 1860 1005 1927 studium
1030 1860 1135 1924 visum
1158 1864 1215 1925 est
1260 1859 1335 1926 Per-

190 1971 277 2035 tinet
300 1970 385 2034 enim
405 1968 467 2034 huc
486 1969 567 2034 illud
586 1968 749 2034 communi
769 1967 965 2051 sapientium
984 1989 1061 2034 voce
1081 1967 1336 2051 comprobatum,

192 2076 278 2160 quod
302 2097 374 2142 cum
398 2074 558 2140 bonorum
577 2074 746 2151 hominum
767 2095 942 2160 eorumque
963 2095 1120 2158 carorum,
1143 2079 1213 2139 tum
1231 2074 1335 2139 multo

192 2182 292 2247 etism
325 2182 429 2267 magis
463 2202 655 2266 magnorum
688 2180 845 2264 virorum,
878 2200 1077 2265 quorumque
1105 2179 1173 2244 vita
1200 2181 1234 2246 in
1262 2201 1335 2246 con-

194 2295 307 2374 spectu
330 2289 474 2354 omnium
497 2288 606 2372 posita
627 2287 698 2372 fuit,
717 2323 760 2334 —
783 2286 901 2352 horum
924 2287 1025 2371 igitur
1047 2285 1132 2370 quod
1155 2287 1335 2355 recordatio

192 2395 330 2461 habetur
354 2396 598 2461 incitamentum
623 2394 752 2460 virtutis
785 2400 817 2460 et
839 2393 1019 2461 voluntatis
1043 2392 1260 2460 certissimum
1282 2396 1335 2461 fir·

117 2533 120 2536 ·
192 2507 399 2568 mamentum.
435 2503 483 2567 Ac
501 2502 564 2566 fuit
582 2501 644 2568 hoc
663 2502 728 2567 iam
748 2503 910 2568 veteribus
929 2523 1132 2585 persuasum:
1157 2524 1237 2586 quos
1261 2523 1334 2568 con-

190 2613 257 2674 stat
285 2609 402 2676 statuis
431 2608 713 2695 monumentisque
743 2609 860 2694 positis
890 2609 1009 2674 virtute
1032 2608 1268 2692 praestantium
1291 2609 1384 2674 ei·1v

192 2716 278 2780 vium
309 2719 342 2781 et
370 2715 526 2781 honorem
550 2720 737 2799 prosecutos
762 2737 831 2780 esse
858 2719 891 2780 et
913 2714 1102 2781 memoriam
1126 2736 1334 2780 conservasse

190 2823 313 2907 duplici
342 2822 471 2907 quidem
499 2822 635 2888 oonsilio
663 2823 738 2888 hoc:
770 2822 911 2906 primum
940 2821 1024 2906 quod
1054 2821 1087 2886 id
1121 2820 1231 2886 deberi
1260 2843 1334 2887 raro

193 2929 411 3014 praestantiae
430 2928 591 2994 humanae
611 2928 757 3012 exemplo
777 2927 939 2993 videretur
958 2949 1058 3012 saque
1077 2951 1112 2992 re
1133 2927 1229 2993 simul
1248 2927 1334 3013 grati

191 3037 292 3101 animi
325 3034 522 3102 testificandi
557 3035 713 3102 desiderio
749 3057 873 3118 eorum,
906 3036 963 3119 qui
995 3035 1186 3119 superstites
1219 3040 1335 3120 essent,

191 3143 376 3227 satisfieret3
402 3143 517 3209 deinde
541 3147 577 3208 ut
600 3144 697 3208 ceteri
721 3142 807 3208 cives
829 3142 987 3208 haberent
1010 3163 1107 3226 quam
1130 3142 1334 3208 intuerentur

191 3254 357 3334 tamquam
382 3250 491 3315 vivam
516 3250 693 3334 imaginem
717 3271 827 3316 earum
852 3250 1017 3332 virtutum,
1040 3271 1120 3333 quas
1145 3252 1177 3314 et
1195 3249 1334 3314 admira-

189 3362 301 3421 rentur
324 3361 358 3420 et
380 3355 509 3439 assequi
534 3356 752 3421 aemulatione
775 3355 949 3421 studerent.
985 3353 1161 3422 Laudabile
1185 3378 1262 3421 sane
1286 3356 1333 3420 in-

190 3463 356 3528 stitutum:
379 3461 435 3526 sed
458 3461 654 3527 laudabilius
678 3463 777 3527 etiam
799 3462 861 3526 hoe
880 3465 1037 3548 nostrum,
1060 3483 1098 3528 eo
1118 3462 1248 3548 quidem
1266 3464 1333 3528 lau·

190 3568 343 3652 debilius,
367 3592 431 3654 quo
456 3569 638 3635 efficaciora
662 3573 738 3634 sunt
761 3592 843 3654 quse
866 3569 901 3633 in
923 3571 1046 3634 mentes
1070 3591 1141 3636 sese
1165 3571 1334 3636 insinuant

190 3697 286 3760 quam
315 3698 396 3759 quae
425 3676 593 3742 inomrunt
621 3678 654 3741 in
684 3677 808 3760 oculos,
840 3698 966 3760 quoque
993 3677 1126 3762 propius
1155 3678 1193 3742 sd
1223 3701 1333 3744 veram

189 3803 295 3848 rerum
329 3787 498 3868 naturam,
535 3806 601 3849 non
642 3787 808 3849 externam
841 3786 968 3849 tantum
1001 3784 1149 3850 veritatis
1183 3787 1332 3870 speciem,

189 3889 287 3954 verba
311 3893 344 3954 et
366 3891 471 3956 oratio
497 3891 653 3956 accedunt
671 3912 774 3976 quam
798 3890 1043 3958 simulacrorum
1068 3891 1214 3956 artificia.
1260 3889 1332 3956 Hoc

189 3997 290 4080 igitur
312 4019 373 4081 par
395 3999 446 4062 est
469 3997 597 4062 credere
625 3997 698 4063 illos
722 4019 848 4083 quoque
872 4000 1050 4082 spectasse,
1081 4017 1219 4081 quorum
1243 4019 1331 4062 mau-

188 4101 264 4165 dato
297 4102 360 4167 huo
393 4102 489 4169 hodie
522 4103 741 4168 convenimus.
787 4103 849 4180 Qui
883 4125 946 4188 quo
978 4102 1134 4168 maiorem
1164 4103 1230 4167 vim
1262 4124 1331 4168 esse

190 4207 286 4272 huius
309 4208 506 4274 laudationis
530 4209 714 4292 voluerunt,
739 4230 775 4273 eo
799 4209 930 4294 gravius
955 4209 1034 4274 mihi
1058 4231 1174 4274 munus
1198 4210 1330 4294 imposi-

190 4319 259 4379 tum
290 4315 393 4380 sentio
423 4317 456 4380 et
485 4315 536 4379 cui
559 4315 612 4380 vix
640 4337 659 4378 a
689 4335 738 4378 me
768 4315 971 4381 satisfactum
999 4315 1040 4380 iri
1064 4338 1199 4400 sperem,
1244 4315 1330 4381 Nolo

191 4425 346 4488 consueto
374 4423 558 4488 oratoribus
586 4442 675 4485 more
703 4423 737 4485 in
762 4425 942 4489 excusanda
965 4423 1083 4490 virium
1106 4422 1330 4488 imbecillitate

191 4551 261 4595 mea
276 4530 405 4595 morari.
437 4527 508 4605 Qus
526 4527 589 4594 etsi
608 4527 708 4592 seiam
726 4550 793 4593 non
816 4550 911 4612 posse
929 4530 980 4595 vel
995 4529 1112 4595 horum
1125 4529 1329 4597 sollemnium
