3316 5070
409 427 481 474 usu
506 425 567 473 mn
590 425 777 474 munemne
800 425 1122 474 euuuuuserumuu.
1294 407 1335 471 lo

373 565 526 634 Gracchos,
545 567 569 620 si
587 565 704 636 Murice,
724 565 840 622 subinde
859 567 971 636 Drusus,

373 657 430 710 Aut
448 673 518 725 quos
536 655 671 712 historice
689 655 783 711 ierunt
800 655 921 712 Latinae

372 743 500 799 Merme
517 761 647 815 proceres
666 743 749 798 domo
768 746 887 812 erectos,

373 832 511 888 Posthseo
529 832 571 888 vis
590 832 703 888 Geticus
723 831 796 888 ciere
814 833 921 904 genus,

373 921 426 976 Vel
444 921 551 978 Xersen
569 921 667 992 tepido
686 921 759 976 freto
777 921 942 990 timendum,

373 1009 426 1064 Vel
444 1009 569 1066 Poenum
587 1008 692 1079 Libyco
711 1009 810 1065 ducem
829 1010 923 1065 furore

374 1098 516 1154 Bellorum
535 1098 687 1169 celebrem,
705 1099 817 1168 Iubam,
835 1099 978 1169 Dareium,

374 1186 428 1242 Vel
445 1185 582 1257 Pyrrhum
600 1188 754 1243 Ausoniam
772 1187 840 1258 iuge
857 1187 1014 1258 timentem,

376 1275 490 1346 Cyrum,
510 1276 705 1346 Deiotherum,
724 1279 869 1348 potentem
887 1276 917 1331 in
936 1277 1021 1333 ermis

374 1365 518 1421 Pellaeum
537 1363 629 1444 rutilis
647 1365 738 1436 magis
757 1363 933 1436 Philippum:

376 1454 458 1510 Hunc
476 1454 592 1510 iamiam
609 1455 706 1510 Valeri
725 1455 828 1510 librum
846 1453 947 1510 diurne

375 1545 575 1614 Nocturneque
594 1560 679 1599 muuu
697 1543 829 1614 legesque
850 1543 1026 1617 [lepesqnei]
1037 1559 1179 1614 suumque,

377 1633 458 1688 Hunc
476 1633 619 1688 doctorem
637 1632 743 1688 hebees
762 1649 851 1703 rupee
870 1631 1010 1702 iuventae,

376 1722 457 1778 Hunc
475 1721 578 1792 longae
598 1720 729 1778 comitem
747 1721 867 1791 viceque
885 1738 988 1790 sumes,

378 1809 482 1865 biensis
500 1809 550 1865 ille
568 1810 624 1864 tuis
642 1810 800 1878 recumbet,
818 1814 903 1879 utque

380 1899 549 1954 Coniunctus
568 1897 655 1966 ospiti
672 1900 723 1952 tuo
742 1897 902 1967 irequeuter

380 1986 478 2042 Cultus
496 1985 670 2042 molliculum
688 1988 768 2057 petet
785 2004 923 2059 soporem,

379 2076 411 2130 Id
429 2076 504 2145 qnod
521 2093 571 2130 rex
589 2075 738 2130 Meccdum
756 2075 834 2130 dedit
851 2075 978 2147 superbis

381 2165 493 2220 chartis
512 2165 615 2220 lliecee
633 2164 719 2220 sacris
737 2165 842 2221 ruinee.

335 2547 377 2597 16.
415 2540 611 2610 Epigremm
630 2539 690 2594 uui
706 2538 850 2596 Cicero'e
870 2539 1001 2597 Schriit
1019 2541 1058 2596 cle
1077 2541 1221 2596 oretore.

194 2687 268 2754 (Aue
276 2683 326 2739 Ἥ.
337 2682 400 2738 Tul.
409 2680 550 2737 Ciceronis
563 2681 748 2738 Pulcherrimi
761 2682 1020 2754 elegentissimique
1034 2683 1076 2739 De
1090 2677 1200 2739 pretore
1210 2681 1276 2737 libri
1290 2683 1348 2737 tres

195 2791 256 2830 non
281 2771 395 2826 minore
420 2769 513 2825 studio
540 2786 624 2838 quum
649 2771 709 2825 erte
734 2769 764 2824 in
790 2769 888 2825 edibus
906 2769 1074 2826 Lotterienis
1099 2771 1206 2826 excusi:
1243 2770 1346 2839 quibus

217 2863 296 2918 certe
315 2859 402 2914 mirus
425 2857 474 2913 ille
494 2857 608 2912 dicendi
626 2857 729 2914 artilex
751 2873 782 2913 se
805 2857 898 2928 ipsum
921 2861 953 2913 ut
976 2857 1005 2912 in
1023 2858 1087 2913 eliis
1106 2861 1238 2930 operibus
1257 2859 1328 2914 elios

227 2949 382 3020 scriptores
401 2947 500 3002 vicisse
520 2946 693 3017 perhibetur’
715 2945 837 3017 Leipzig,
856 2947 957 3004 Melcb.
976 2948 1074 3004 Lotter
1093 2953 1172 3018 151⁶,
1190 2947 1321 3003 cuidem

699 3036 862 3104 Titelblutt)

768 3131 776 3158 r

590 3178 672 3234 Vitue
690 3178 842 3234 Vuerlerus
861 3177 968 3235 lectori.

385 3319 494 3374 Tullius
514 3321 607 3376 oretur
625 3321 734 3391 petrice
753 3336 827 3377 nore
845 3321 936 3391 glorie
954 3323 1044 3377 terroe

440 3407 551 3465 Eximio
568 3409 671 3464 multos
691 3407 817 3466 condidit
834 3411 894 3465 erte
912 3409 1008 3479 libros,

391 3498 488 3554 Firma
506 3498 606 3568 quibus
623 3497 730 3553 nitidee
741 3497 841 3573 ,samoe
860 3501 1041 3554 monumento
1058 3497 1169 3568 paravit
1284 3501 1292 3526 ’

441 3586 478 3641 Et
496 3587 582 3657 longe
600 3603 697 3642 rerum
715 3585 881 3657 posteritate
900 3587 992 3642 decus.

391 3677 466 3730 Inter
484 3693 555 3745 quoe
574 3675 656 3746 vigili
673 3691 805 3746 praesens
823 3677 855 3730 tu
872 3677 985 3746 pectore
1004 3676 1089 3747 disce,

441 3763 605 3820 consultum
625 3764 718 3820 studio
736 3763 760 3818 si
778 3764 856 3834 cupis
875 3781 935 3820 esse
953 3767 1012 3821 tuo.

386 3851 451 3908 Non
470 3852 561 3908 simile
580 3851 647 3908 huie
665 3853 765 3909 retulit
781 3853 925 3910 doctrinae
944 3853 1063 3910 Graecia
1081 3855 1171 3908 meter

441 3941 500 3996 Neo
520 3943 586 3998 dere
604 3959 657 4012 per
674 3942 784 3997 meritis
803 3941 923 3997 Romule
941 3941 1039 4011 lingue
1057 3943 1158 4010 potest.
1211 3985 1220 4004 ,

665 4197 902 4204 -ι-.-----.---
