<?xml version="1.0" encoding="UTF-8"?>
<!DOCTYPE html PUBLIC "-//W3C//DTD XHTML 1.0 Transitional//EN"
    "http://www.w3.org/TR/xhtml1/DTD/xhtml1-transitional.dtd">
<html xmlns="http://www.w3.org/1999/xhtml" xml:lang="en" lang="en">
 <head>
  <title>
</title>
<meta http-equiv="Content-Type" content="text/html;charset=utf-8" />
  <meta name='ocr-system' content='tesseract 3.04.00' />
  <meta name='ocr-capabilities' content='ocr_page ocr_carea ocr_par ocr_line ocrx_word'/>
</head>
<body>
  <div class='ocr_page' id='page_1' title='image "./fridericiritsch07wachgoog_0485.png"; bbox 0 0 3332 5074; ppageno 0'>
   <div class='ocr_carea' id='block_1_1' title="bbox 335 395 1191 460">
    <p class='ocr_par' dir='ltr' id='par_1_1' title="bbox 335 395 1191 460">
     <span class='ocr_line' id='line_1_1' title="bbox 335 395 1191 460; baseline -0.004 -2"><span class='ocrx_word' id='word_1_1' title='bbox 335 395 399 460; x_wconf 89' lang='grc'><strong>468</strong></span> <span class='ocrx_word' id='word_1_2' title='bbox 622 407 885 458; x_wconf 75' lang='lat' dir='ltr'><strong>raonscouann</strong></span> <span class='ocrx_word' id='word_1_3' title='bbox 908 409 956 457; x_wconf 83' lang='lat' dir='ltr'><strong>na</strong></span> <span class='ocrx_word' id='word_1_4' title='bbox 980 408 1191 458; x_wconf 72' lang='lat' dir='ltr'><strong>aenomaus</strong></span> 
     </span>
    </p>
   </div>
   <div class='ocr_carea' id='block_1_2' title="bbox 194 545 1483 1173">
    <p class='ocr_par' dir='ltr' id='par_1_2' title="bbox 194 545 1483 1173">
     <span class='ocr_line' id='line_1_2' title="bbox 336 545 1479 640; baseline -0.004 -20"><span class='ocrx_word' id='word_1_5' title='bbox 336 575 447 620; x_wconf 86' lang='lat' dir='ltr'><strong>versus</strong></span> <span class='ocrx_word' id='word_1_6' title='bbox 476 555 584 619; x_wconf 88' lang='lat' dir='ltr'><strong>locum</strong></span> <span class='ocrx_word' id='word_1_7' title='bbox 606 545 677 620; x_wconf 72' lang='lat' dir='ltr'><strong>&#39;non</strong></span> <span class='ocrx_word' id='word_1_8' title='bbox 706 555 943 640; x_wconf 74' lang='lat' dir='ltr'><strong>refugientibus</strong></span> <span class='ocrx_word' id='word_1_9' title='bbox 970 554 1055 620; x_wconf 85' lang='lat' dir='ltr'><strong>idem</strong></span> <span class='ocrx_word' id='word_1_10' title='bbox 1080 554 1132 618; x_wconf 90' lang='lat' dir='ltr'><strong>hic</strong></span> <span class='ocrx_word' id='word_1_11' title='bbox 1156 554 1243 617; x_wconf 86' lang='lat' dir='ltr'><strong>valet</strong></span> <span class='ocrx_word' id='word_1_12' title='bbox 1266 552 1351 636; x_wconf 92' lang='lat' dir='ltr'><strong>quod</strong></span> <span class='ocrx_word' id='word_1_13' title='bbox 1374 553 1409 616; x_wconf 89' lang='lat' dir='ltr'><strong>in</strong></span> <span class='ocrx_word' id='word_1_14' title='bbox 1432 573 1479 616; x_wconf 89' lang='lat' dir='ltr'><strong>ss·</strong></span> 
     </span>
     <span class='ocr_line' id='line_1_3' title="bbox 335 660 1483 746; baseline -0.003 -20"><span class='ocrx_word' id='word_1_15' title='bbox 335 661 445 746; x_wconf 84' lang='lat' dir='ltr'><strong>uariis,</strong></span> <span class='ocrx_word' id='word_1_16' title='bbox 468 661 558 726; x_wconf 83' lang='lat' dir='ltr'><strong>velut</strong></span> <span class='ocrx_word' id='word_1_17' title='bbox 580 661 668 726; x_wconf 84' lang='lat' dir='ltr'><strong>Trin.</strong></span> <span class='ocrx_word' id='word_1_18' title='bbox 682 662 757 726; x_wconf 80' lang='lat'><strong>352.</strong></span> <span class='ocrx_word' id='word_1_19' title='bbox 780 661 854 726; x_wconf 82' lang='lat'><strong>360.</strong></span> <span class='ocrx_word' id='word_1_20' title='bbox 879 662 952 725; x_wconf 77' lang='lat'>728.</span> <span class='ocrx_word' id='word_1_21' title='bbox 976 661 1172 726; x_wconf 80' lang='lat'>910.1034.</span> <span class='ocrx_word' id='word_1_22' title='bbox 1197 660 1292 724; x_wconf 91' lang='grc'><strong>1044.</strong></span> <span class='ocrx_word' id='word_1_23' title='bbox 1318 660 1415 724; x_wconf 85' lang='lat'>1164:</span> <span class='ocrx_word' id='word_1_24' title='bbox 1444 660 1483 724; x_wconf 91' lang='lat' dir='ltr'><strong>de</strong></span> 
     </span>
     <span class='ocr_line' id='line_1_4' title="bbox 194 765 1482 852; baseline -0.007 -15"><span class='ocrx_word' id='word_1_25' title='bbox 194 795 320 837; x_wconf 80' lang='lat' dir='ltr'>ccxxxv</span> <span class='ocrx_word' id='word_1_26' title='bbox 335 769 613 835; x_wconf 77' lang='lat' dir='ltr'><strong>choriambicis</strong></span> <span class='ocrx_word' id='word_1_27' title='bbox 636 769 935 852; x_wconf 88' lang='lat' dir='ltr'><strong>molossicisque</strong></span> <span class='ocrx_word' id='word_1_28' title='bbox 958 768 1027 832; x_wconf 91' lang='lat' dir='ltr'><strong>illic</strong></span> <span class='ocrx_word' id='word_1_29' title='bbox 1051 766 1132 831; x_wconf 86' lang='lat' dir='ltr'><strong>satis</strong></span> <span class='ocrx_word' id='word_1_30' title='bbox 1151 766 1215 830; x_wconf 91' lang='lat' dir='ltr'><strong>iam</strong></span> <span class='ocrx_word' id='word_1_31' title='bbox 1236 765 1482 848; x_wconf 75' lang='lat' dir='ltr'><strong>disputavimus.</strong></span> 
     </span>
     <span class='ocr_line' id='line_1_5' title="bbox 336 872 1483 959; baseline -0.004 -19"><span class='ocrx_word' id='word_1_32' title='bbox 336 876 374 940; x_wconf 86' lang='lat' dir='ltr'><strong>In</strong></span> <span class='ocrx_word' id='word_1_33' title='bbox 405 875 467 940; x_wconf 89' lang='lat' dir='ltr'><strong>hoc</strong></span> <span class='ocrx_word' id='word_1_34' title='bbox 498 879 606 940; x_wconf 85' lang='lat' dir='ltr'><strong>autem</strong></span> <span class='ocrx_word' id='word_1_35' title='bbox 637 898 702 940; x_wconf 92' lang='lat' dir='ltr'><strong>uno</strong></span> <span class='ocrx_word' id='word_1_36' title='bbox 733 874 865 959; x_wconf 86' lang='lat' dir='ltr'><strong>longius</strong></span> <span class='ocrx_word' id='word_1_37' title='bbox 895 879 945 939; x_wconf 86' lang='lat' dir='ltr'><strong>eet</strong></span> <span class='ocrx_word' id='word_1_38' title='bbox 971 872 1207 938; x_wconf 86' lang='lat' dir='ltr'><strong>trochaicorum</strong></span> <span class='ocrx_word' id='word_1_39' title='bbox 1232 894 1284 938; x_wconf 89' lang='lat' dir='ltr'><strong>ars</strong></span> <span class='ocrx_word' id='word_1_40' title='bbox 1308 893 1483 956; x_wconf 83' lang='lat' dir='ltr'><strong>progressa</strong></span> 
     </span>
     <span class='ocr_line' id='line_1_6' title="bbox 210 979 1483 1066; baseline -0.003 -20"><span class='ocrx_word' id='word_1_41' title='bbox 210 1021 214 1034; x_wconf 69' lang='lat'>=</span> <span class='ocrx_word' id='word_1_42' title='bbox 338 982 437 1066; x_wconf 87' lang='lat' dir='ltr'><strong>quod,</strong></span> <span class='ocrx_word' id='word_1_43' title='bbox 470 982 569 1046; x_wconf 90' lang='lat' dir='ltr'><strong>etiam</strong></span> <span class='ocrx_word' id='word_1_44' title='bbox 599 981 698 1046; x_wconf 89' lang='lat' dir='ltr'><strong>nullis</strong></span> <span class='ocrx_word' id='word_1_45' title='bbox 728 981 880 1064; x_wconf 83' lang='lat' dir='ltr'><strong>oxytonis</strong></span> <span class='ocrx_word' id='word_1_46' title='bbox 904 979 1128 1064; x_wconf 86' lang='lat' dir='ltr'><strong>sequentibus,</strong></span> <span class='ocrx_word' id='word_1_47' title='bbox 1160 979 1328 1042; x_wconf 83' lang='lat' dir='ltr'><strong>ionicam</strong></span> <span class='ocrx_word' id='word_1_48' title='bbox 1361 999 1483 1061; x_wconf 86' lang='lat' dir='ltr'><strong>vocem,</strong></span> 
     </span>
     <span class='ocr_line' id='line_1_7' title="bbox 336 1085 1483 1173; baseline -0.003 -21"><span class='ocrx_word' id='word_1_49' title='bbox 336 1087 455 1173; x_wconf 85' lang='lat' dir='ltr'><strong>quippe</strong></span> <span class='ocrx_word' id='word_1_50' title='bbox 475 1087 677 1152; x_wconf 90' lang='lat' dir='ltr'><strong>simillimam</strong></span> <span class='ocrx_word' id='word_1_51' title='bbox 697 1085 897 1171; x_wconf 75' lang='lat' dir='ltr'><strong>molqssicae,</strong></span> <span class='ocrx_word' id='word_1_52' title='bbox 917 1107 981 1150; x_wconf 91' lang='lat' dir='ltr'><strong>non</strong></span> <span class='ocrx_word' id='word_1_53' title='bbox 999 1089 1205 1169; x_wconf 88' lang='lat' dir='ltr'><strong>respuerunt:</strong></span> <span class='ocrx_word' id='word_1_54' title='bbox 1225 1086 1331 1170; x_wconf 89' lang='lat' dir='ltr'><strong>qualis</strong></span> <span class='ocrx_word' id='word_1_55' title='bbox 1350 1089 1386 1150; x_wconf 91' lang='lat' dir='ltr'><strong>ut</strong></span> <span class='ocrx_word' id='word_1_56' title='bbox 1400 1107 1483 1166; x_wconf 87' lang='lat' dir='ltr'><strong>rara,</strong></span> 
     </span>
    </p>
   </div>
   <div class='ocr_carea' id='block_1_3' title="bbox 336 1193 1059 1273">
    <p class='ocr_par' dir='ltr' id='par_1_3' title="bbox 336 1193 1059 1273">
     <span class='ocr_line' id='line_1_8' title="bbox 336 1193 1059 1273; baseline -0.007 -13"><span class='ocrx_word' id='word_1_57' title='bbox 336 1197 384 1260; x_wconf 86' lang='lat' dir='ltr'><strong>ita</strong></span> <span class='ocrx_word' id='word_1_58' title='bbox 407 1200 496 1260; x_wconf 88' lang='lat' dir='ltr'><strong>certa</strong></span> <span class='ocrx_word' id='word_1_59' title='bbox 519 1199 570 1260; x_wconf 84' lang='lat' dir='ltr'><strong>est</strong></span> <span class='ocrx_word' id='word_1_60' title='bbox 592 1193 710 1258; x_wconf 84' lang='lat' dir='ltr'>Bacch.</span> <span class='ocrx_word' id='word_1_61' title='bbox 734 1195 764 1258; x_wconf 89' lang='lat'><strong>8.</strong></span> <span class='ocrx_word' id='word_1_62' title='bbox 787 1193 852 1258; x_wconf 87' lang='grc'><strong>406</strong></span> <span class='ocrx_word' id='word_1_63' title='bbox 878 1193 944 1273; x_wconf 86' lang='grc'>[39.</span> <span class='ocrx_word' id='word_1_64' title='bbox 965 1193 1059 1272; x_wconf 85' lang='grc'>438];</span> 
     </span>
    </p>
   </div>
   <div class='ocr_carea' id='block_1_4' title="bbox 432 1335 1385 1526">
    <p class='ocr_par' dir='ltr' id='par_1_4' title="bbox 432 1335 1385 1526">
     <span class='ocr_line' id='line_1_9' title="bbox 432 1335 1385 1419; baseline -0.001 -18"><span class='ocrx_word' id='word_1_65' title='bbox 432 1387 905 1402; x_wconf 89' lang='grc'><em>........</em></span> <span class='ocrx_word' id='word_1_66' title='bbox 958 1335 1144 1399; x_wconf 67' lang='lat' dir='ltr'><strong>mtretriees</strong></span> <span class='ocrx_word' id='word_1_67' title='bbox 1166 1335 1385 1419; x_wconf 78' lang='lat' dir='ltr'><strong>cognomines.</strong></span> 
     </span>
     <span class='ocr_line' id='line_1_10' title="bbox 432 1442 1295 1526; baseline 0 -19"><span class='ocrx_word' id='word_1_68' title='bbox 432 1494 905 1508; x_wconf 93' lang='grc'><strong>........</strong></span> <span class='ocrx_word' id='word_1_69' title='bbox 959 1442 1109 1525; x_wconf 71' lang='lat' dir='ltr'><strong>cdpiebdt</strong></span> <span class='ocrx_word' id='word_1_70' title='bbox 1132 1442 1295 1526; x_wconf 74' lang='lat' dir='ltr'><strong>suffrdgio.</strong></span> 
     </span>
    </p>
   </div>
   <div class='ocr_carea' id='block_1_5' title="bbox 336 1584 1483 2202">
    <p class='ocr_par' dir='ltr' id='par_1_5' title="bbox 336 1584 1483 2202">
     <span class='ocr_line' id='line_1_11' title="bbox 425 1584 1483 1670; baseline -0.001 -21"><span class='ocrx_word' id='word_1_71' title='bbox 425 1585 519 1650; x_wconf 86' lang='lat' dir='ltr'><strong>Prius</strong></span> <span class='ocrx_word' id='word_1_72' title='bbox 543 1607 639 1669; x_wconf 87' lang='lat' dir='ltr'><strong>quam</strong></span> <span class='ocrx_word' id='word_1_73' title='bbox 664 1584 704 1648; x_wconf 90' lang='lat' dir='ltr'><strong>ad</strong></span> <span class='ocrx_word' id='word_1_74' title='bbox 727 1585 869 1669; x_wconf 88' lang='lat' dir='ltr'><strong>priorem</strong></span> <span class='ocrx_word' id='word_1_75' title='bbox 888 1588 1015 1668; x_wconf 88' lang='lat' dir='ltr'><strong>partem</strong></span> <span class='ocrx_word' id='word_1_76' title='bbox 1035 1585 1210 1668; x_wconf 75' lang='lat' dir='ltr'><strong>septenarii</strong></span> <span class='ocrx_word' id='word_1_77' title='bbox 1228 1585 1483 1670; x_wconf 82' lang='lat' dir='ltr'><strong>progrediamur,</strong></span> 
     </span>
     <span class='ocr_line' id='line_1_12' title="bbox 337 1690 1481 1775; baseline -0.003 -19"><span class='ocrx_word' id='word_1_78' title='bbox 337 1692 510 1757; x_wconf 84' lang='lat' dir='ltr'><strong>videndum</strong></span> <span class='ocrx_word' id='word_1_79' title='bbox 543 1694 594 1755; x_wconf 89' lang='lat' dir='ltr'><strong>est</strong></span> <span class='ocrx_word' id='word_1_80' title='bbox 625 1691 663 1755; x_wconf 90' lang='lat' dir='ltr'><strong>de</strong></span> <span class='ocrx_word' id='word_1_81' title='bbox 697 1692 899 1775; x_wconf 89' lang='lat' dir='ltr'><strong>utriusque</strong></span> <span class='ocrx_word' id='word_1_82' title='bbox 929 1690 1056 1774; x_wconf 87' lang='lat' dir='ltr'><strong>partis</strong></span> <span class='ocrx_word' id='word_1_83' title='bbox 1088 1691 1287 1756; x_wconf 84' lang='lat' dir='ltr'><strong>confiniis.</strong></span> <span class='ocrx_word' id='word_1_84' title='bbox 1333 1690 1371 1754; x_wconf 91' lang='lat' dir='ltr'><strong>In</strong></span> <span class='ocrx_word' id='word_1_85' title='bbox 1399 1711 1481 1775; x_wconf 90' lang='lat' dir='ltr'><strong>quae</strong></span> 
     </span>
     <span class='ocr_line' id='line_1_13' title="bbox 337 1796 1482 1883; baseline -0.002 -20"><span class='ocrx_word' id='word_1_86' title='bbox 337 1819 410 1864; x_wconf 89' lang='lat' dir='ltr'><strong>cum</strong></span> <span class='ocrx_word' id='word_1_87' title='bbox 433 1797 581 1883; x_wconf 82' lang='lat' dir='ltr'><strong>legitima</strong></span> <span class='ocrx_word' id='word_1_88' title='bbox 599 1819 711 1862; x_wconf 85' lang='lat' dir='ltr'><strong>versus</strong></span> <span class='ocrx_word' id='word_1_89' title='bbox 736 1818 870 1862; x_wconf 88' lang='lat' dir='ltr'><strong>caesura</strong></span> <span class='ocrx_word' id='word_1_90' title='bbox 892 1796 1022 1882; x_wconf 85' lang='lat' dir='ltr'><strong>incidat,</strong></span> <span class='ocrx_word' id='word_1_91' title='bbox 1045 1819 1112 1863; x_wconf 89' lang='lat' dir='ltr'><strong>non</strong></span> <span class='ocrx_word' id='word_1_92' title='bbox 1135 1802 1186 1862; x_wconf 84' lang='lat' dir='ltr'><strong>est</strong></span> <span class='ocrx_word' id='word_1_93' title='bbox 1209 1798 1327 1862; x_wconf 90' lang='lat' dir='ltr'><strong>mirum</strong></span> <span class='ocrx_word' id='word_1_94' title='bbox 1350 1818 1482 1881; x_wconf 85' lang='lat' dir='ltr'><strong>perraro</strong></span> 
     </span>
     <span class='ocr_line' id='line_1_14' title="bbox 336 1902 1481 1990; baseline -0.002 -20"><span class='ocrx_word' id='word_1_95' title='bbox 336 1907 510 1970; x_wconf 78' lang='lat' dir='ltr'><strong>transitum</strong></span> <span class='ocrx_word' id='word_1_96' title='bbox 534 1928 551 1969; x_wconf 89' lang='lat' dir='ltr'><strong>e</strong></span> <span class='ocrx_word' id='word_1_97' title='bbox 574 1905 682 1990; x_wconf 90' lang='lat' dir='ltr'><strong>priore</strong></span> <span class='ocrx_word' id='word_1_98' title='bbox 705 1905 741 1970; x_wconf 91' lang='lat' dir='ltr'><strong>in</strong></span> <span class='ocrx_word' id='word_1_99' title='bbox 762 1905 976 1989; x_wconf 89' lang='lat' dir='ltr'><strong>posteriorem</strong></span> <span class='ocrx_word' id='word_1_100' title='bbox 995 1909 1121 1988; x_wconf 86' lang='lat' dir='ltr'><strong>partem</strong></span> <span class='ocrx_word' id='word_1_101' title='bbox 1140 1905 1303 1989; x_wconf 88' lang='lat' dir='ltr'><strong>bisyllabo</strong></span> <span class='ocrx_word' id='word_1_102' title='bbox 1322 1902 1481 1968; x_wconf 84' lang='lat' dir='ltr'><strong>vocabulo</strong></span> 
     </span>
     <span class='ocr_line' id='line_1_15' title="bbox 336 2010 1482 2097; baseline -0.002 -21"><span class='ocrx_word' id='word_1_103' title='bbox 336 2012 414 2078; x_wconf 88' lang='lat' dir='ltr'><strong>lieri.</strong></span> <span class='ocrx_word' id='word_1_104' title='bbox 460 2014 567 2097; x_wconf 82' lang='lat' dir='ltr'><strong>Atque</strong></span> <span class='ocrx_word' id='word_1_105' title='bbox 595 2012 705 2077; x_wconf 88' lang='lat' dir='ltr'><strong>durior</strong></span> <span class='ocrx_word' id='word_1_106' title='bbox 734 2012 832 2076; x_wconf 87' lang='lat' dir='ltr'><strong>etiam</strong></span> <span class='ocrx_word' id='word_1_107' title='bbox 855 2033 893 2075; x_wconf 94' lang='lat' dir='ltr'><strong>eo</strong></span> <span class='ocrx_word' id='word_1_108' title='bbox 916 2011 951 2074; x_wconf 90' lang='lat' dir='ltr'><strong>in</strong></span> <span class='ocrx_word' id='word_1_109' title='bbox 974 2012 1046 2078; x_wconf 93' lang='lat' dir='ltr'><strong>loco</strong></span> <span class='ocrx_word' id='word_1_110' title='bbox 1070 2012 1179 2077; x_wconf 90' lang='lat' dir='ltr'><strong>iambo</strong></span> <span class='ocrx_word' id='word_1_111' title='bbox 1203 2010 1395 2095; x_wconf 90' lang='lat' dir='ltr'><strong>spondeus</strong></span> <span class='ocrx_word' id='word_1_112' title='bbox 1419 2013 1482 2074; x_wconf 88' lang='lat' dir='ltr'><strong>est:</strong></span> 
     </span>
     <span class='ocr_line' id='line_1_16' title="bbox 337 2117 1482 2202; baseline -0.003 -20"><span class='ocrx_word' id='word_1_113' title='bbox 337 2119 427 2183; x_wconf 90' lang='lat' dir='ltr'><strong>cuius</strong></span> <span class='ocrx_word' id='word_1_114' title='bbox 456 2141 555 2183; x_wconf 90' lang='lat' dir='ltr'><strong>unum</strong></span> <span class='ocrx_word' id='word_1_115' title='bbox 583 2118 767 2202; x_wconf 84' lang='lat' dir='ltr'><strong>exemplum</strong></span> <span class='ocrx_word' id='word_1_116' title='bbox 790 2119 986 2182; x_wconf 82' lang='lat' dir='ltr'><strong>removimus</strong></span> <span class='ocrx_word' id='word_1_117' title='bbox 1010 2117 1064 2200; x_wconf 84' lang='lat' dir='ltr'><strong>[cf.</strong></span> <span class='ocrx_word' id='word_1_118' title='bbox 1087 2141 1118 2202; x_wconf 85' lang='lat' dir='ltr'><strong>p.</strong></span> <span class='ocrx_word' id='word_1_119' title='bbox 1142 2118 1205 2184; x_wconf 76' lang='lat'><strong>457</strong></span> <span class='ocrx_word' id='word_1_120' title='bbox 1232 2120 1370 2202; x_wconf 84' lang='lat' dir='ltr'><strong>annot.],</strong></span> <span class='ocrx_word' id='word_1_121' title='bbox 1403 2117 1482 2180; x_wconf 90' lang='lat' dir='ltr'><strong>alte-</strong></span> 
     </span>
    </p>
   </div>
   <div class='ocr_carea' id='block_1_6' title="bbox 336 2224 1483 2417">
    <p class='ocr_par' dir='ltr' id='par_1_6' title="bbox 336 2224 1483 2417">
     <span class='ocr_line' id='line_1_17' title="bbox 336 2224 1483 2309; baseline -0.003 -19"><span class='ocrx_word' id='word_1_122' title='bbox 336 2249 409 2290; x_wconf 85' lang='lat' dir='ltr'><strong>rum</strong></span> <span class='ocrx_word' id='word_1_123' title='bbox 433 2225 520 2291; x_wconf 85' lang='lat' dir='ltr'><strong>Trin.</strong></span> <span class='ocrx_word' id='word_1_124' title='bbox 544 2226 610 2290; x_wconf 81' lang='lat'><strong>982</strong></span> <span class='ocrx_word' id='word_1_125' title='bbox 638 2229 766 2290; x_wconf 86' lang='lat' dir='ltr'><strong>tantum</strong></span> <span class='ocrx_word' id='word_1_126' title='bbox 790 2226 832 2289; x_wconf 89' lang='lat' dir='ltr'><strong>ab</strong></span> <span class='ocrx_word' id='word_1_127' title='bbox 855 2225 1114 2308; x_wconf 82' lang='lat' dir='ltr'><strong>interpunctione</strong></span> <span class='ocrx_word' id='word_1_128' title='bbox 1139 2224 1281 2309; x_wconf 85' lang='lat' dir='ltr'><strong>aliquam</strong></span> <span class='ocrx_word' id='word_1_129' title='bbox 1305 2224 1483 2288; x_wconf 84' lang='lat' dir='ltr'><strong>excusatio·</strong></span> 
     </span>
     <span class='ocr_line' id='line_1_18' title="bbox 336 2329 586 2417; baseline -0.004 -21"><span class='ocrx_word' id='word_1_130' title='bbox 336 2353 410 2398; x_wconf 83' lang='lat' dir='ltr'><strong>nem</strong></span> <span class='ocrx_word' id='word_1_131' title='bbox 433 2329 586 2417; x_wconf 85' lang='lat' dir='ltr'><strong>habet*):</strong></span> 
     </span>
    </p>
   </div>
   <div class='ocr_carea' id='block_1_7' title="bbox 426 2471 1483 2665">
    <p class='ocr_par' dir='ltr' id='par_1_7' title="bbox 426 2471 1483 2665">
     <span class='ocr_line' id='line_1_19' title="bbox 426 2471 1483 2558; baseline 0.001 -21"><span class='ocrx_word' id='word_1_132' title='bbox 426 2473 553 2538; x_wconf 80' lang='lat' dir='ltr'><strong>Faisau&#39;s</strong></span> <span class='ocrx_word' id='word_1_133' title='bbox 577 2471 784 2539; x_wconf 74' lang='lat' dir='ltr'><strong>Charmidem</strong></span> <span class='ocrx_word' id='word_1_134' title='bbox 812 2474 938 2538; x_wconf 86' lang='lat' dir='ltr'><strong>dedisse</strong></span> <span class='ocrx_word' id='word_1_135' title='bbox 961 2473 1076 2537; x_wconf 76' lang='lat' dir='ltr'><strong>cursim</strong></span> <span class='ocrx_word' id='word_1_136' title='bbox 1099 2473 1183 2538; x_wconf 83' lang='lat' dir='ltr'><strong>tibi?</strong></span> <span class='ocrx_word' id='word_1_137' title='bbox 1230 2473 1292 2540; x_wconf 84' lang='lat' dir='ltr'><strong>SY.</strong></span> <span class='ocrx_word' id='word_1_138' title='bbox 1326 2476 1483 2558; x_wconf 81' lang='lat' dir='ltr'><strong>scriptum</strong></span> 
     </span>
     <span class='ocr_line' id='line_1_20' title="bbox 1191 2580 1329 2665; baseline -0.007 -19"><span class='ocrx_word' id='word_1_139' title='bbox 1191 2580 1329 2665; x_wconf 88' lang='lat' dir='ltr'><strong>quidem.</strong></span> 
     </span>
    </p>
   </div>
   <div class='ocr_carea' id='block_1_8' title="bbox 338 2719 992 2789">
    <p class='ocr_par' dir='ltr' id='par_1_8' title="bbox 338 2719 992 2789">
     <span class='ocr_line' id='line_1_21' title="bbox 338 2719 992 2789; baseline 0 -3"><span class='ocrx_word' id='word_1_140' title='bbox 338 2719 422 2788; x_wconf 88' lang='lat' dir='ltr'><strong>Nam</strong></span> <span class='ocrx_word' id='word_1_141' title='bbox 448 2723 512 2786; x_wconf 89' lang='lat' dir='ltr'><strong>alia</strong></span> <span class='ocrx_word' id='word_1_142' title='bbox 534 2723 618 2788; x_wconf 87' lang='lat' dir='ltr'><strong>ratio</strong></span> <span class='ocrx_word' id='word_1_143' title='bbox 643 2727 694 2787; x_wconf 88' lang='lat' dir='ltr'><strong>est</strong></span> <span class='ocrx_word' id='word_1_144' title='bbox 716 2747 745 2789; x_wconf 87' lang='lat' dir='ltr'><strong>v.</strong></span> <span class='ocrx_word' id='word_1_145' title='bbox 769 2723 833 2787; x_wconf 83' lang='lat'><strong>699</strong></span> <span class='ocrx_word' id='word_1_146' title='bbox 858 2727 891 2788; x_wconf 88' lang='lat' dir='ltr'><strong>et</strong></span> <span class='ocrx_word' id='word_1_147' title='bbox 914 2723 992 2788; x_wconf 76' lang='lat'>973:</span> 
     </span>
    </p>
   </div>
   <div class='ocr_carea' id='block_1_9' title="bbox 427 2849 1484 3251">
    <p class='ocr_par' dir='ltr' id='par_1_9' title="bbox 427 2849 1483 3040">
     <span class='ocr_line' id='line_1_22' title="bbox 427 2849 1483 2950; baseline -0.002 -20"><span class='ocrx_word' id='word_1_148' title='bbox 427 2849 463 2930; x_wconf 85' lang='lat' dir='ltr'><strong>[d</strong></span> <span class='ocrx_word' id='word_1_149' title='bbox 493 2866 563 2950; x_wconf 83' lang='lat' dir='ltr'><strong>agis</strong></span> <span class='ocrx_word' id='word_1_150' title='bbox 592 2871 642 2949; x_wconf 86' lang='lat' dir='ltr'><strong>ut,</strong></span> <span class='ocrx_word' id='word_1_151' title='bbox 674 2865 729 2930; x_wconf 90' lang='lat' dir='ltr'><strong>ubi</strong></span> <span class='ocrx_word' id='word_1_152' title='bbox 758 2864 965 2931; x_wconf 81' lang='lat' dir='ltr'><strong>adfinitatem</strong></span> <span class='ocrx_word' id='word_1_153' title='bbox 992 2867 1073 2929; x_wconf 62' lang='lat' dir='ltr'><strong>saal</strong></span> <span class='ocrx_word' id='word_1_154' title='bbox 1095 2887 1151 2931; x_wconf 81' lang='lat' dir='ltr'><strong>uos</strong></span> <span class='ocrx_word' id='word_1_155' title='bbox 1173 2872 1321 2932; x_wconf 85' lang='lat' dir='ltr'><strong>nostram</strong></span> <span class='ocrx_word' id='word_1_156' title='bbox 1344 2864 1483 2930; x_wconf 86' lang='lat' dir='ltr'><strong>adstrin-</strong></span> 
     </span>
     <span class='ocr_line' id='line_1_23' title="bbox 1192 2997 1293 3040; baseline 0.01 -1"><span class='ocrx_word' id='word_1_157' title='bbox 1192 2997 1293 3040; x_wconf 82' lang='lat' dir='ltr'><strong>rens:</strong></span> 
     </span>
    </p>

    <p class='ocr_par' dir='ltr' id='par_1_10' title="bbox 428 3077 1484 3251">
     <span class='ocr_line' id='line_1_24' title="bbox 428 3077 1484 3164; baseline -0.001 -21"><span class='ocrx_word' id='word_1_158' title='bbox 428 3077 617 3144; x_wconf 75' lang='lat' dir='ltr'><strong>Charmides</strong></span> <span class='ocrx_word' id='word_1_159' title='bbox 641 3100 701 3164; x_wconf 83' lang='lat' dir='ltr'><strong>ego</strong></span> <span class='ocrx_word' id='word_1_160' title='bbox 726 3083 806 3144; x_wconf 81' lang='lat' dir='ltr'><strong>sum.</strong></span> <span class='ocrx_word' id='word_1_161' title='bbox 836 3077 898 3143; x_wconf 71' lang='grc' dir='ltr'><strong>ΒΥ.</strong></span> <span class='ocrx_word' id='word_1_162' title='bbox 922 3080 1118 3164; x_wconf 88' lang='lat' dir='ltr'><strong>nequiquam</strong></span> <span class='ocrx_word' id='word_1_163' title='bbox 1141 3079 1279 3145; x_wconf 62' lang='lat' dir='ltr'><strong>herolde:</strong></span> <span class='ocrx_word' id='word_1_164' title='bbox 1302 3101 1378 3144; x_wconf 89' lang='lat' dir='ltr'><strong>nam</strong></span> <span class='ocrx_word' id='word_1_165' title='bbox 1401 3079 1484 3144; x_wconf 92' lang='lat' dir='ltr'><strong>nihil</strong></span> 
     </span>
     <span class='ocr_line' id='line_1_25' title="bbox 1191 3185 1366 3251; baseline -0.006 -1"><span class='ocrx_word' id='word_1_166' title='bbox 1191 3185 1366 3251; x_wconf 83' lang='lat' dir='ltr'><strong>aurifero:</strong></span> 
     </span>
    </p>
   </div>
   <div class='ocr_carea' id='block_1_10' title="bbox 338 3328 1485 3840">
    <p class='ocr_par' dir='ltr' id='par_1_11' title="bbox 338 3328 1485 3840">
     <span class='ocr_line' id='line_1_26' title="bbox 339 3328 1485 3413; baseline 0 -20"><span class='ocrx_word' id='word_1_167' title='bbox 339 3349 475 3413; x_wconf 87' lang='lat' dir='ltr'><strong>quorum</strong></span> <span class='ocrx_word' id='word_1_168' title='bbox 505 3328 612 3412; x_wconf 91' lang='lat' dir='ltr'><strong>priore</strong></span> <span class='ocrx_word' id='word_1_169' title='bbox 643 3349 701 3411; x_wconf 89' lang='lat' dir='ltr'><strong>pro</strong></span> <span class='ocrx_word' id='word_1_170' title='bbox 732 3350 797 3393; x_wconf 88' lang='lat' dir='ltr'><strong>una</strong></span> <span class='ocrx_word' id='word_1_171' title='bbox 826 3349 904 3392; x_wconf 84' lang='lat' dir='ltr'><strong>voce</strong></span> <span class='ocrx_word' id='word_1_172' title='bbox 935 3332 1012 3392; x_wconf 87' lang='lat' dir='ltr'><strong>sunt</strong></span> <span class='ocrx_word' id='word_1_173' title='bbox 1040 3330 1121 3392; x_wconf 80' lang='lat' dir='ltr'><strong>inter</strong></span> <span class='ocrx_word' id='word_1_174' title='bbox 1152 3333 1184 3392; x_wconf 86' lang='lat' dir='ltr'><strong>et</strong></span> <span class='ocrx_word' id='word_1_175' title='bbox 1213 3328 1398 3392; x_wconf 85' lang='lat' dir='ltr'><strong>encliticam</strong></span> <span class='ocrx_word' id='word_1_176' title='bbox 1427 3349 1485 3393; x_wconf 82' lang='lat' dir='ltr'><strong>nos</strong></span> 
     </span>
     <span class='ocr_line' id='line_1_27' title="bbox 338 3434 1484 3520; baseline 0 -21"><span class='ocrx_word' id='word_1_177' title='bbox 338 3457 531 3520; x_wconf 89' lang='lat' dir='ltr'><strong>pronomen,</strong></span> <span class='ocrx_word' id='word_1_178' title='bbox 555 3435 659 3500; x_wconf 89' lang='lat' dir='ltr'><strong>altero</strong></span> <span class='ocrx_word' id='word_1_179' title='bbox 682 3457 742 3519; x_wconf 90' lang='lat' dir='ltr'><strong>pro</strong></span> <span class='ocrx_word' id='word_1_180' title='bbox 765 3434 891 3500; x_wconf 90' lang='lat' dir='ltr'><strong>duabus</strong></span> <span class='ocrx_word' id='word_1_181' title='bbox 915 3435 1049 3499; x_wconf 86' lang='lat' dir='ltr'><strong>vocibus</strong></span> <span class='ocrx_word' id='word_1_182' title='bbox 1072 3435 1168 3500; x_wconf 69' lang='lat' dir='ltr'><strong>laroc</strong></span> <span class='ocrx_word' id='word_1_183' title='bbox 1189 3437 1233 3500; x_wconf 78' lang='lat' dir='ltr'><strong>e‘s:</strong></span> <span class='ocrx_word' id='word_1_184' title='bbox 1256 3459 1333 3500; x_wconf 91' lang='lat' dir='ltr'><strong>nam</strong></span> <span class='ocrx_word' id='word_1_185' title='bbox 1357 3436 1419 3500; x_wconf 89' lang='lat' dir='ltr'><strong>etsi</strong></span> <span class='ocrx_word' id='word_1_186' title='bbox 1442 3457 1484 3499; x_wconf 91' lang='lat' dir='ltr'><strong>ne</strong></span> 
     </span>
     <span class='ocr_line' id='line_1_28' title="bbox 340 3540 1484 3627; baseline 0 -21"><span class='ocrx_word' id='word_1_187' title='bbox 340 3542 538 3627; x_wconf 88' lang='lat' dir='ltr'><strong>sicquidem</strong></span> <span class='ocrx_word' id='word_1_188' title='bbox 562 3540 615 3604; x_wconf 92' lang='lat' dir='ltr'><strong>hic</strong></span> <span class='ocrx_word' id='word_1_189' title='bbox 638 3542 722 3605; x_wconf 89' lang='lat' dir='ltr'><strong>nitet</strong></span> <span class='ocrx_word' id='word_1_190' title='bbox 746 3563 765 3606; x_wconf 90' lang='lat' dir='ltr'><strong>a</strong></span> <span class='ocrx_word' id='word_1_191' title='bbox 789 3563 941 3606; x_wconf 87' lang='lat' dir='ltr'><strong>caesurae</strong></span> <span class='ocrx_word' id='word_1_192' title='bbox 965 3542 1135 3627; x_wconf 80' lang='lat' dir='ltr'><strong>elegantia,</strong></span> <span class='ocrx_word' id='word_1_193' title='bbox 1159 3545 1267 3607; x_wconf 88' lang='lat' dir='ltr'><strong>tamen</strong></span> <span class='ocrx_word' id='word_1_194' title='bbox 1290 3543 1401 3627; x_wconf 89' lang='lat' dir='ltr'><strong>paullo</strong></span> <span class='ocrx_word' id='word_1_195' title='bbox 1424 3543 1484 3606; x_wconf 91' lang='lat' dir='ltr'><strong>mi·</strong></span> 
     </span>
     <span class='ocr_line' id='line_1_29' title="bbox 340 3647 1484 3734; baseline -0.001 -20"><span class='ocrx_word' id='word_1_196' title='bbox 340 3671 400 3714; x_wconf 88' lang='lat' dir='ltr'><strong>uus</strong></span> <span class='ocrx_word' id='word_1_197' title='bbox 424 3650 538 3714; x_wconf 86' lang='lat' dir='ltr'><strong>durum</strong></span> <span class='ocrx_word' id='word_1_198' title='bbox 561 3649 623 3713; x_wconf 92' lang='lat' dir='ltr'><strong>hcc</strong></span> <span class='ocrx_word' id='word_1_199' title='bbox 648 3671 745 3734; x_wconf 86' lang='lat' dir='ltr'><strong>quam</strong></span> <span class='ocrx_word' id='word_1_200' title='bbox 768 3649 847 3713; x_wconf 90' lang='lat' dir='ltr'><strong>illud</strong></span> <span class='ocrx_word' id='word_1_201' title='bbox 872 3653 930 3713; x_wconf 88' lang='lat' dir='ltr'><strong>est.</strong></span> <span class='ocrx_word' id='word_1_202' title='bbox 963 3647 1103 3713; x_wconf 76' lang='lat' dir='ltr'><strong>Facilius</strong></span> <span class='ocrx_word' id='word_1_203' title='bbox 1127 3653 1164 3714; x_wconf 87' lang='lat' dir='ltr'><strong>ut</strong></span> <span class='ocrx_word' id='word_1_204' title='bbox 1187 3649 1252 3713; x_wconf 85' lang='lat' dir='ltr'><strong>dixi</strong></span> <span class='ocrx_word' id='word_1_205' title='bbox 1276 3650 1484 3716; x_wconf 88' lang='lat' dir='ltr'><strong>iambicum</strong></span> 
     </span>
     <span class='ocr_line' id='line_1_30' title="bbox 340 3753 1484 3840; baseline 0 -20"><span class='ocrx_word' id='word_1_206' title='bbox 340 3756 533 3820; x_wconf 84' lang='lat' dir='ltr'><strong>vocabulum</strong></span> <span class='ocrx_word' id='word_1_207' title='bbox 551 3759 666 3840; x_wconf 88' lang='lat' dir='ltr'><strong>poetae</strong></span> <span class='ocrx_word' id='word_1_208' title='bbox 685 3755 874 3839; x_wconf 88' lang='lat' dir='ltr'><strong>tolerarunt,</strong></span> <span class='ocrx_word' id='word_1_209' title='bbox 897 3760 934 3820; x_wconf 90' lang='lat' dir='ltr'><strong>ut</strong></span> <span class='ocrx_word' id='word_1_210' title='bbox 948 3753 1064 3819; x_wconf 86' lang='lat' dir='ltr'><strong>Bacch.</strong></span> <span class='ocrx_word' id='word_1_211' title='bbox 1075 3755 1118 3818; x_wconf 90' lang='grc'><strong>44</strong></span> <span class='ocrx_word' id='word_1_212' title='bbox 1130 3755 1201 3835; x_wconf 76' lang='lat'>[752</span> <span class='ocrx_word' id='word_1_213' title='bbox 1217 3754 1256 3821; x_wconf 87' lang='lat' dir='ltr'><strong>cf.</strong></span> <span class='ocrx_word' id='word_1_214' title='bbox 1265 3754 1352 3819; x_wconf 87' lang='lat' dir='ltr'><strong>infra</strong></span> <span class='ocrx_word' id='word_1_215' title='bbox 1362 3777 1392 3838; x_wconf 91' lang='lat' dir='ltr'><strong>p.</strong></span> <span class='ocrx_word' id='word_1_216' title='bbox 1403 3756 1484 3838; x_wconf 81' lang='lat'>501]</span> 
     </span>
    </p>
   </div>
   <div class='ocr_carea' id='block_1_11' title="bbox 340 3862 1484 3947">
    <p class='ocr_par' dir='ltr' id='par_1_12' title="bbox 340 3862 1484 3947">
     <span class='ocr_line' id='line_1_31' title="bbox 340 3862 1484 3947; baseline -0.002 -19"><span class='ocrx_word' id='word_1_217' title='bbox 340 3867 374 3928; x_wconf 87' lang='lat' dir='ltr'><strong>et</strong></span> <span class='ocrx_word' id='word_1_218' title='bbox 386 3863 568 3928; x_wconf 63' lang='lat' dir='ltr'><strong>trinummi</strong></span> <span class='ocrx_word' id='word_1_219' title='bbox 588 3885 625 3926; x_wconf 89' lang='lat' dir='ltr'><strong>eo</strong></span> <span class='ocrx_word' id='word_1_220' title='bbox 645 3885 739 3928; x_wconf 80' lang='lat' dir='ltr'><strong>versu</strong></span> <span class='ocrx_word' id='word_1_221' title='bbox 758 3863 812 3947; x_wconf 91' lang='lat' dir='ltr'><strong>qui</strong></span> <span class='ocrx_word' id='word_1_222' title='bbox 831 3863 897 3928; x_wconf 92' lang='lat' dir='ltr'><strong>iam</strong></span> <span class='ocrx_word' id='word_1_223' title='bbox 917 3866 1068 3947; x_wconf 88' lang='lat' dir='ltr'><strong>quartum</strong></span> <span class='ocrx_word' id='word_1_224' title='bbox 1087 3863 1122 3926; x_wconf 91' lang='lat' dir='ltr'><strong>in</strong></span> <span class='ocrx_word' id='word_1_225' title='bbox 1140 3883 1272 3928; x_wconf 86' lang='lat' dir='ltr'><strong>examen</strong></span> <span class='ocrx_word' id='word_1_226' title='bbox 1292 3863 1382 3926; x_wconf 83' lang='lat' dir='ltr'><strong>venit</strong></span> <span class='ocrx_word' id='word_1_227' title='bbox 1404 3862 1484 3926; x_wconf 77' lang='lat'><strong>329:</strong></span> 
     </span>
    </p>
   </div>
   <div class='ocr_carea' id='block_1_12' title="bbox 202 4003 1485 4390">
    <p class='ocr_par' dir='ltr' id='par_1_13' title="bbox 202 4003 1485 4390">
     <span class='ocr_line' id='line_1_32' title="bbox 202 4003 1485 4088; baseline -0.002 -16"><span class='ocrx_word' id='word_1_228' title='bbox 202 4031 340 4072; x_wconf 76' lang='lat' dir='ltr'><strong>ccxnvr</strong></span> <span class='ocrx_word' id='word_1_229' title='bbox 427 4003 588 4071; x_wconf 84' lang='lat' dir='ltr'><strong>Simulato</strong></span> <span class='ocrx_word' id='word_1_230' title='bbox 617 4027 667 4070; x_wconf 88' lang='lat' dir='ltr'><strong>me</strong></span> <span class='ocrx_word' id='word_1_231' title='bbox 697 4007 813 4070; x_wconf 75' lang='lat' dir='ltr'><strong>amare.</strong></span> <span class='ocrx_word' id='word_1_232' title='bbox 859 4003 978 4068; x_wconf 87' lang='lat' dir='ltr'><strong>Vtrum</strong></span> <span class='ocrx_word' id='word_1_233' title='bbox 1007 4025 1067 4088; x_wconf 87' lang='lat' dir='ltr'><strong>ego</strong></span> <span class='ocrx_word' id='word_1_234' title='bbox 1096 4005 1182 4069; x_wconf 69' lang='lat' dir='ltr'><strong>weda</strong></span> <span class='ocrx_word' id='word_1_235' title='bbox 1211 4005 1244 4068; x_wconf 90' lang='lat' dir='ltr'><strong>id</strong></span> <span class='ocrx_word' id='word_1_236' title='bbox 1268 4005 1417 4068; x_wconf 88' lang='lat' dir='ltr'><strong>simulem</strong></span> <span class='ocrx_word' id='word_1_237' title='bbox 1441 4027 1485 4069; x_wconf 87' lang='lat' dir='ltr'><strong>an</strong></span> 
     </span>
     <span class='ocr_line' id='line_1_33' title="bbox 1193 4111 1291 4178; baseline 0.041 -4"><span class='ocrx_word' id='word_1_238' title='bbox 1193 4111 1291 4178; x_wconf 78' lang='lat' dir='ltr'><strong>serio:</strong></span> 
     </span>
     <span class='ocr_line' id='line_1_34' title="bbox 429 4205 1485 4303; baseline -0.002 -19"><span class='ocrx_word' id='word_1_239' title='bbox 429 4219 478 4284; x_wconf 86' lang='lat' dir='ltr'><strong>De&#39;</strong></span> <span class='ocrx_word' id='word_1_240' title='bbox 500 4242 589 4285; x_wconf 81' lang='lat' dir='ltr'><strong>meo:</strong></span> <span class='ocrx_word' id='word_1_241' title='bbox 619 4242 694 4286; x_wconf 89' lang='lat' dir='ltr'><strong>nam</strong></span> <span class='ocrx_word' id='word_1_242' title='bbox 719 4219 804 4303; x_wconf 75' lang='lat' dir='ltr'><strong>quod</strong></span> <span class='ocrx_word' id='word_1_243' title='bbox 828 4221 968 4301; x_wconf 80' lang='lat' dir='ltr'><strong>tuomst,</strong></span> <span class='ocrx_word' id='word_1_244' title='bbox 995 4219 1138 4298; x_wconf 71' lang='lat' dir='ltr'><strong>mederet,</strong></span> <span class='ocrx_word' id='word_1_245' title='bbox 1165 4241 1259 4284; x_wconf 89' lang='lat' dir='ltr'><strong>omne</strong></span> <span class='ocrx_word' id='word_1_246' title='bbox 1283 4223 1392 4283; x_wconf 88' lang='lat' dir='ltr'><strong>autem</strong></span> <span class='ocrx_word' id='word_1_247' title='bbox 1415 4205 1485 4282; x_wconf 74' lang='lat' dir='ltr'><strong>md·</strong></span> 
     </span>
     <span class='ocr_line' id='line_1_35' title="bbox 1193 4329 1410 4390; baseline -0.009 0"><span class='ocrx_word' id='word_1_248' title='bbox 1193 4329 1281 4390; x_wconf 87' lang='lat' dir='ltr'><strong>umet</strong></span> <span class='ocrx_word' id='word_1_249' title='bbox 1304 4329 1410 4389; x_wconf 89' lang='lat' dir='ltr'><strong>tuum:</strong></span> 
     </span>
    </p>
   </div>
   <div class='ocr_carea' id='block_1_13' title="bbox 342 4417 552 4426">
    <p class='ocr_par' dir='ltr' id='par_1_14' title="bbox 342 4417 552 4426">
     <span class='ocr_line' id='line_1_36' title="bbox 342 4417 552 4426; baseline 0 0"><span class='ocrx_word' id='word_1_250' title='bbox 342 4417 552 4426; x_wconf 52' lang='grc' dir='ltr'><strong>ηψ-</strong></span> 
     </span>
    </p>
   </div>
   <div class='ocr_carea' id='block_1_14' title="bbox 430 4517 1447 4590">
    <p class='ocr_par' dir='ltr' id='par_1_15' title="bbox 430 4517 1447 4590">
     <span class='ocr_line' id='line_1_37' title="bbox 430 4517 1447 4590; baseline -0.001 -17"><span class='ocrx_word' id='word_1_251' title='bbox 430 4517 456 4588; x_wconf 78' lang='grc'><strong>*)</strong></span> <span class='ocrx_word' id='word_1_252' title='bbox 476 4517 576 4590; x_wconf 60' lang='lat' dir='ltr'><strong>[muno</strong></span> <span class='ocrx_word' id='word_1_253' title='bbox 594 4520 670 4575; x_wconf 87' lang='lat' dir='ltr'><strong>haud</strong></span> <span class='ocrx_word' id='word_1_254' title='bbox 689 4519 746 4574; x_wconf 87' lang='lat' dir='ltr'><strong>scio</strong></span> <span class='ocrx_word' id='word_1_255' title='bbox 766 4537 800 4574; x_wconf 87' lang='lat' dir='ltr'><strong>an</strong></span> <span class='ocrx_word' id='word_1_256' title='bbox 820 4537 920 4574; x_wconf 73' lang='lat' dir='ltr'><strong>aonam</strong></span> <span class='ocrx_word' id='word_1_257' title='bbox 938 4521 969 4574; x_wconf 78' lang='lat' dir='ltr'><strong>id</strong></span> <span class='ocrx_word' id='word_1_258' title='bbox 987 4521 1041 4574; x_wconf 81' lang='lat' dir='ltr'><strong>tibi</strong></span> <span class='ocrx_word' id='word_1_259' title='bbox 1059 4521 1203 4590; x_wconf 85' lang='lat' dir='ltr'><strong>scripserit</strong></span> <span class='ocrx_word' id='word_1_260' title='bbox 1219 4519 1324 4590; x_wconf 74' lang='lat' dir='ltr'><strong>poeta&#39;</strong></span> <span class='ocrx_word' id='word_1_261' title='bbox 1346 4518 1447 4590; x_wconf 83' lang='lat' dir='ltr'><strong>&#39;l&#39;rin&#39;]</strong></span> 
     </span>
    </p>
   </div>
   <div class='ocr_carea' id='block_1_15' title="bbox 0 0 1674 5074">
    <p class='ocr_par' dir='ltr' id='par_1_16' title="bbox 0 0 1674 5074">
     <span class='ocr_line' id='line_1_38' title="bbox 0 0 1674 5074; baseline 0 0"><span class='ocrx_word' id='word_1_262' title='bbox 0 0 1674 5074; x_wconf 95' lang='lat' dir='ltr'><strong> </strong></span> 
     </span>
    </p>
   </div>
  </div>
 </body>
</html>
