3332 5074
301 366 367 433 430
590 385 847 436 rsonecousrs
871 387 918 436 os
943 388 1151 439 nenorosus

301 526 362 613 (sic
386 531 473 599 enim
497 529 717 618 scribendum)
740 533 899 617 probandi
923 533 954 598 vi
978 538 1075 618 caret,
1098 533 1183 618 quod
1206 555 1273 599 non
1296 555 1369 598 raro
1392 530 1446 597 eto

301 639 338 700 ut
361 637 577 720 epiphonema
600 644 694 704 extre
716 661 845 705 versum
868 641 1011 725 positum
1030 644 1089 718 est,
1113 644 1150 704 ut
1169 639 1260 704 Trin.
1279 640 1353 706 934.
1372 639 1445 704 942.

301 741 429 806 Pariter
451 743 567 808 elisum
590 745 640 808 cio
662 743 763 810 habes
786 747 877 812 velut
899 744 972 812 Cas.
995 746 1055 829 ΙΙΙ,
1079 747 1109 830 6,
1132 747 1162 812 4.
1186 745 1279 810 Truc.
1302 745 1326 828 Ι,
1346 748 1376 831 2,
1394 747 1446 830 91,

197 923 199 928 ,
300 869 395 930 quem
420 849 655 915 Ambrosianus
679 852 770 916 iubet
789 852 839 917 ite
862 853 990 917 restitui
1012 874 1077 917 una
1100 874 1172 917 cum
1196 851 1357 936 proximo:

411 1007 474 1074 AS.
498 1010 578 1094 Eia,
600 1010 688 1075 haud
717 1011 798 1076 itast
825 1034 885 1076 res.
909 1009 964 1077 DI.
988 1003 1043 1076 isin
1072 1016 1108 1076 tu
1137 1035 1208 1077 eam
1236 1035 1287 1076 me
1315 1012 1445 1076 amere?

939 1117 1001 1184 AS.
1025 1119 1126 1183 immo
1149 1119 1241 1183 unice
1264 1123 1372 1184 riuum.

412 1223 467 1289 DI.
494 1223 663 1308 Peperisse
692 1247 763 1290 eam
793 1225 910 1292 audiui.
938 1224 1000 1291 As.
1029 1227 1085 1310 eh,
1116 1226 1265 1308 obsecro,
1293 1228 1364 1289 tace
1393 1223 1445 1288 Di·

937 1333 1079 1397 niarche.
1104 1331 1160 1396 DI.
1185 1330 1261 1416 quid
1284 1331 1373 1396 ianr?

300 1510 371 1588 Quo
390 1515 499 1575 tamen
517 1532 582 1575 non
600 1512 781 1575 rettulerim
801 1533 874 1576 cum
894 1511 1117 1576 Lscnnrrro
1136 1531 1277 1594 prooem.
1296 1509 1361 1575 ind.
1374 1510 1446 1573 lect.

300 1617 406 1682 Berol.
425 1623 502 1681 aest.
521 1640 549 1681 e.
565 1634 870 1684 cloloccoxxxxvn
884 1641 914 1702 p.
929 1619 949 1683 6
965 1620 1021 1700 [=
1032 1618 1066 1683 in
1080 1617 1172 1682 anr.
1188 1639 1305 1683 comm.
1320 1639 1350 1701 p.
1367 1617 1443 1696 164]

300 1723 417 1789 Persae
436 1744 564 1788 versum
584 1723 624 1808 ΙΙ,
643 1726 673 1808 2,
692 1726 745 1810 30,
763 1747 859 1810 quem
878 1726 933 1790 ille
952 1725 998 1791 sic
1017 1723 1235 1810 dimetitur*):
1254 1723 1350 1788 Heio.
1367 1723 1445 1787 heic.

300 1835 351 1894 tuo
373 1832 411 1894 ἐπ
433 1832 563 1912 inqendo,
587 1850 646 1915 ego
671 1831 718 1896 sic
736 1833 860 1916 potius:
1363 1831 1370 1844 '

213 2017 284 2058 cxc1
409 1991 503 2075 Heio,
525 1992 604 2076 hero,
626 1996 683 2057 tuo
708 1993 746 2056 ex
765 1981 900 2078 ¹ingenio
925 1995 1030 2058 mores
1054 1993 1178 2058 alienos
1201 1993 1336 2077 probas:

298 2167 428 2252 quando
456 2169 490 2232 in
517 2171 650 2256 longam
680 2170 841 2254 syllebem
870 2193 936 2236 non
963 2172 1067 2256 magis
1097 2170 1311 2236 demonstrari
1335 2172 1444 2253 potest

297 2273 367 2338 heio
390 2275 505 2339 exiisse
528 2298 625 2361 quam
648 2275 710 2359 eho,
733 2297 792 2359 pro
816 2298 879 2362 quo
903 2277 956 2341 cho
979 2282 1013 2340 tu
1032 2275 1268 2342 Ambrosianus
1292 2274 1443 2360 praebuit

298 2380 384 2446 Trin.
404 2381 456 2446 55.
480 2381 632 2447 Ceterum
652 2405 724 2448 cum
747 2404 873 2448 cessare
897 2405 1010 2450 vocem
1030 2385 1127 2450 etiam
1151 2387 1226 2448 ante
1250 2381 1444 2446 interiectio·
1488 2398 1493 2404 ·

296 2507 372 2550 nem
395 2490 647 2553 consentaneum
672 2491 729 2572 sit,
751 2493 862 2554 temen
886 2490 936 2554 vel
960 2489 1007 2554 sic
1031 2490 1123 2554 elisio
1145 2489 1232 2553 haud
1257 2491 1445 2553 cunctanter

298 2592 440 2658 admissa
463 2596 521 2678 est,
545 2599 581 2659 ut
602 2595 689 2662 Trin.
711 2619 740 2660 v.
764 2595 838 2660 536.
863 2597 936 2661 870.
960 2596 1033 2660 963.
1061 2597 1154 2660 1072.
1181 2595 1279 2660 1059:

410 2769 479 2835 Alii
500 2795 533 2836 se
556 2773 743 2858 suspende.
766 2795 803 2837 en
828 2775 887 2852 [cm
912 2771 1026 2854 Trici]
1050 2795 1136 2838 nunc
1156 2773 1224 2857 hic,
1248 2774 1363 2857 quoius
1386 2779 1444 2838 est.

410 2861 544 2962 Aperite
571 2879 646 2964 hoc,
675 2882 796 2962 npetu.
827 2879 913 2963 icus,
944 2880 1036 2964 ecqui
1066 2879 1118 2944 his
1146 2879 1270 2944 fdribns
1307 2881 1441 2945 tutelim

960 2987 1044 3054 erit?

409 3075 673 3178 Adgrediundust
695 3093 748 3158 hio
771 3093 869 3158 homo
894 3007 1040 3157 migostu.
1064 3093 1151 3176 iscus,
1174 3092 1256 3178 Pax,
1279 3097 1310 3157 te
1334 3093 1440 3158 tribus

938 3197 1046 3264 uerbis
1070 3199 1154 3265 uolo.

386 3393 411 3463 *)
437 3394 507 3447 Cum
532 3393 631 3448 codem
657 3392 836 3448 Lachmanno
861 3409 945 3462 aegre
970 3393 1031 3447 fero
1056 3392 1127 3446 mihi
1152 3391 1238 3447 etiam
1262 3392 1297 3447 de
1322 3393 1441 3448 eliorum

296 3501 427 3539 versuum
450 3483 624 3550 quorundam
646 3498 776 3538 mensure
800 3499 857 3536 non
879 3481 948 3535 satis
970 3480 1126 3536 convenire.
1165 3480 1251 3535 Velut
1273 3497 1371 3551 perum
1395 3497 1441 3536 ex·

295 3571 380 3642 padio
404 3589 460 3640 que
483 3589 613 3626 mensura
637 3573 781 3627 decurrere
802 3571 876 3627 hunc
899 3571 1032 3626 voluerit:
1056 3569 1193 3624 Pecuniae
1211 3571 1341 3638 accipiter
1359 3570 1443 3626 auide

297 3666 377 3729 atquc
395 3660 488 3715 liuide.
517 3659 569 3730 [Cf.
589 3661 659 3715 Nor.
679 3678 737 3716 exc.
757 3660 847 3715 Plaut
867 3661 880 3713 Ι
898 3678 924 3730 p.
947 3660 1019 3728 nn]
1051 3657 1119 3726 Nec,
1138 3657 1162 3711 si
1181 3657 1249 3726 quid
1267 3658 1359 3728 video,
1378 3674 1442 3729 pro-

295 3747 428 3804 babiliter
450 3747 498 3802 ille
524 3749 624 3819 Amph.
643 3749 664 3818 Ι,
685 3756 709 3816 1,
730 3756 780 3804 188
804 3751 833 3804 et
850 3749 931 3804 Most.
951 3749 998 3814 lv,
1018 3755 1043 3814 2,
1063 3753 1096 3801 59
1116 3745 1259 3816 discripsit
1282 3745 1442 3817 [commin

296 3837 376 3893 Lucr.
395 3855 423 3907 p.
444 3840 521 3907 162],
545 3839 593 3906 qui
616 3838 686 3892 mihi
709 3838 839 3893 videntur
862 3838 905 3891 his
931 3835 1092 3891 accentibus
1117 3834 1234 3890 notandi
1253 3835 1351 3890 fuisse:

367 3955 438 4033 A'ine
458 3987 540 4034 uero?
573 3957 625 4034 etio
645 3979 796 4034 enimuero.
825 3977 956 4032 Verbere.
985 3977 1103 4032 Mentire
1121 3995 1209 4034 nunc:

367 4063 428 4142 iio.
448 4087 540 4154 Atque
559 4102 623 4140 eam
641 4104 725 4142 manu
744 4085 878 4141 emisisse.
897 4063 958 4140 iio.
978 4084 1015 4139 Et
1028 4087 1178 4155 postquam
1192 4087 1251 4142 eius
1266 4086 1331 4140 hinc
1344 4087 1441 4156 psterr

296 4232 350 4288 nisi
369 4233 444 4303 quod
462 4233 491 4289 iu
509 4233 601 4304 priore
619 4251 676 4289 non
693 4233 753 4289 tero
772 4235 848 4301 aisse,
871 4233 920 4288 sed
939 4231 1128 4302 reponendum
1147 4235 1217 4302 puto
1232 4233 1291 4288 Ass
1309 4239 1340 4288 tu
1353 4232 1440 4289 uero?

297 4322 519 4378 Commemoravi
537 4325 631 4377 autem
651 4323 721 4378 haec
739 4325 889 4393 propterea
907 4325 947 4392 ut,
965 4323 989 4376 si
1007 4321 1079 4376 forte
1098 4322 1132 4377 de
1152 4323 1192 4376 eie
1211 4323 1284 4377 ratio
1299 4338 1344 4378 me
1361 4321 1441 4378 fefel-

296 4411 374 4479 lerit,
397 4429 481 4480 quem
504 4411 595 4466 fateor
618 4411 709 4466 adhuc
732 4427 777 4464 me
800 4410 950 4465 credidisse
975 4411 1172 4480 certissimam,
1191 4412 1309 4466 meliora
1327 4429 1344 4466 a
1362 4427 1440 4482 pree·

297 4500 469 4554 stantissimo
487 4500 644 4568 eodemque
663 4499 806 4555 carissimo
825 4500 886 4556 viro
906 4500 1030 4555 edocear.
