<?xml version="1.0" encoding="UTF-8"?>
<!DOCTYPE html PUBLIC "-//W3C//DTD XHTML 1.0 Transitional//EN"
    "http://www.w3.org/TR/xhtml1/DTD/xhtml1-transitional.dtd">
<html xmlns="http://www.w3.org/1999/xhtml" xml:lang="en" lang="en">
 <head>
  <title>
</title>
<meta http-equiv="Content-Type" content="text/html;charset=utf-8" />
  <meta name='ocr-system' content='tesseract 3.04.00' />
  <meta name='ocr-capabilities' content='ocr_page ocr_carea ocr_par ocr_line ocrx_word'/>
</head>
<body>
  <div class='ocr_page' id='page_1' title='image "./fridericiritsch07wachgoog_0481.png"; bbox 0 0 3332 5074; ppageno 0'>
   <div class='ocr_carea' id='block_1_1' title="bbox 321 383 1235 452">
    <p class='ocr_par' dir='ltr' id='par_1_1' title="bbox 321 383 1235 452">
     <span class='ocr_line' id='line_1_1' title="bbox 321 383 1235 452; baseline 0.007 -6"><span class='ocrx_word' id='word_1_1' title='bbox 321 383 388 447; x_wconf 87' lang='grc'>464</span> <span class='ocrx_word' id='word_1_2' title='bbox 610 401 871 449; x_wconf 76' lang='lat' dir='ltr'>raonauousna</span> <span class='ocrx_word' id='word_1_3' title='bbox 896 401 943 450; x_wconf 87' lang='lat' dir='ltr'>on</span> <span class='ocrx_word' id='word_1_4' title='bbox 967 402 1177 452; x_wconf 75' lang='lat' dir='ltr'>simoninus</span> <span class='ocrx_word' id='word_1_5' title='bbox 1234 423 1235 428; x_wconf 62' lang='lat'><em>=</em></span> 
     </span>
    </p>
   </div>
   <div class='ocr_carea' id='block_1_2' title="bbox 323 511 1468 738">
    <p class='ocr_par' dir='ltr' id='par_1_2' title="bbox 323 511 1468 738">
     <span class='ocr_line' id='line_1_2' title="bbox 323 511 1467 632; baseline 0.005 -24"><span class='ocrx_word' id='word_1_6' title='bbox 323 567 377 609; x_wconf 89' lang='lat' dir='ltr'>sus</span> <span class='ocrx_word' id='word_1_7' title='bbox 402 544 590 630; x_wconf 82' lang='lat' dir='ltr'>ambiguum</span> <span class='ocrx_word' id='word_1_8' title='bbox 615 545 820 630; x_wconf 70' lang='lat' dir='ltr'>estnihil,</span> <span class='ocrx_word' id='word_1_9' title='bbox 844 548 873 626; x_wconf 80' lang='lat'>2,</span> <span class='ocrx_word' id='word_1_10' title='bbox 900 548 940 612; x_wconf 88' lang='grc'>14</span> <span class='ocrx_word' id='word_1_11' title='bbox 963 511 1005 612; x_wconf 88' lang='lat' dir='ltr'>ab</span> <span class='ocrx_word' id='word_1_12' title='bbox 1033 548 1127 614; x_wconf 91' lang='lat' dir='ltr'>initio</span> <span class='ocrx_word' id='word_1_13' title='bbox 1156 570 1267 613; x_wconf 82' lang='lat' dir='ltr'>versus</span> <span class='ocrx_word' id='word_1_14' title='bbox 1291 522 1467 632; x_wconf 61' lang='lat' dir='ltr'>Adpredidr</span> 
     </span>
     <span class='ocr_line' id='line_1_3' title="bbox 323 652 1468 738; baseline 0.004 -22"><span class='ocrx_word' id='word_1_15' title='bbox 323 657 398 716; x_wconf 90' lang='lat' dir='ltr'>ante</span> <span class='ocrx_word' id='word_1_16' title='bbox 420 652 573 716; x_wconf 80' lang='lat' dir='ltr'>homiuem</span> <span class='ocrx_word' id='word_1_17' title='bbox 596 652 818 718; x_wconf 82' lang='lat' dir='ltr'><strong>choriambum</strong></span> <span class='ocrx_word' id='word_1_18' title='bbox 842 674 884 717; x_wconf 90' lang='lat' dir='ltr'>an</span> <span class='ocrx_word' id='word_1_19' title='bbox 907 677 1062 738; x_wconf 80' lang='lat' dir='ltr'>paeonem</span> <span class='ocrx_word' id='word_1_20' title='bbox 1086 655 1214 721; x_wconf 81' lang='lat' dir='ltr'>efficiat</span> <span class='ocrx_word' id='word_1_21' title='bbox 1260 655 1335 720; x_wconf 90' lang='lat' dir='ltr'>Vna</span> <span class='ocrx_word' id='word_1_22' title='bbox 1357 659 1468 721; x_wconf 88' lang='lat' dir='ltr'>tamen</span> 
     </span>
    </p>
   </div>
   <div class='ocr_carea' id='block_1_3' title="bbox 321 760 1469 964">
    <p class='ocr_par' dir='ltr' id='par_1_3' title="bbox 321 760 1469 964">
     <span class='ocr_line' id='line_1_4' title="bbox 322 760 1469 847; baseline 0.004 -24"><span class='ocrx_word' id='word_1_23' title='bbox 322 760 393 824; x_wconf 91' lang='lat' dir='ltr'>sola</span> <span class='ocrx_word' id='word_1_24' title='bbox 424 761 550 824; x_wconf 87' lang='lat' dir='ltr'>ratione</span> <span class='ocrx_word' id='word_1_25' title='bbox 582 761 690 825; x_wconf 87' lang='lat' dir='ltr'>neseio</span> <span class='ocrx_word' id='word_1_26' title='bbox 724 782 766 824; x_wconf 87' lang='lat' dir='ltr'>an</span> <span class='ocrx_word' id='word_1_27' title='bbox 798 760 867 824; x_wconf 91' lang='lat' dir='ltr'>sine</span> <span class='ocrx_word' id='word_1_28' title='bbox 900 761 1103 827; x_wconf 90' lang='lat' dir='ltr'>incommodo</span> <span class='ocrx_word' id='word_1_29' title='bbox 1136 763 1234 847; x_wconf 84' lang='lat' dir='ltr'>longa</span> <span class='ocrx_word' id='word_1_30' title='bbox 1266 763 1469 844; x_wconf 78' lang='lat' dir='ltr'>paenultima</span> 
     </span>
     <span class='ocr_line' id='line_1_5' title="bbox 321 864 923 964; baseline 0.005 -35"><span class='ocrx_word' id='word_1_31' title='bbox 321 867 486 950; x_wconf 87' lang='lat' dir='ltr'>toleretur,</span> <span class='ocrx_word' id='word_1_32' title='bbox 509 868 599 931; x_wconf 88' lang='lat' dir='ltr'>velut</span> <span class='ocrx_word' id='word_1_33' title='bbox 622 865 725 932; x_wconf 84' lang='lat' dir='ltr'>Stichi</span> <span class='ocrx_word' id='word_1_34' title='bbox 749 864 789 950; x_wconf 86' lang='lat' dir='ltr'>V,</span> <span class='ocrx_word' id='word_1_35' title='bbox 811 868 843 951; x_wconf 84' lang='lat'>4,</span> <span class='ocrx_word' id='word_1_36' title='bbox 871 868 923 964; x_wconf 68' lang='lat'>19:</span> 
     </span>
    </p>
   </div>
   <div class='ocr_carea' id='block_1_4' title="bbox 412 1007 1051 1073">
    <p class='ocr_par' dir='ltr' id='par_1_4' title="bbox 412 1007 1051 1073">
     <span class='ocr_line' id='line_1_6' title="bbox 412 1007 1051 1073; baseline 0 0"><span class='ocrx_word' id='word_1_37' title='bbox 412 1007 474 1073; x_wconf 71' lang='lat' dir='ltr'>de</span> <span class='ocrx_word' id='word_1_38' title='bbox 496 1008 598 1072; x_wconf 68' lang='lat' dir='ltr'>ammai</span> <span class='ocrx_word' id='word_1_39' title='bbox 621 1030 694 1073; x_wconf 88' lang='lat' dir='ltr'>mea</span> <span class='ocrx_word' id='word_1_40' title='bbox 717 1012 750 1072; x_wconf 89' lang='lat' dir='ltr'>et</span> <span class='ocrx_word' id='word_1_41' title='bbox 772 1012 829 1072; x_wconf 86' lang='lat' dir='ltr'>tda</span> <span class='ocrx_word' id='word_1_42' title='bbox 852 1009 927 1073; x_wconf 91' lang='lat' dir='ltr'>dum</span> <span class='ocrx_word' id='word_1_43' title='bbox 951 1011 1051 1073; x_wconf 91' lang='lat' dir='ltr'>comit</span> 
     </span>
    </p>
   </div>
   <div class='ocr_carea' id='block_1_5' title="bbox 322 1151 1586 2090">
    <p class='ocr_par' dir='ltr' id='par_1_5' title="bbox 322 1151 1586 2090">
     <span class='ocr_line' id='line_1_7' title="bbox 323 1151 1469 1237; baseline 0.003 -21"><span class='ocrx_word' id='word_1_44' title='bbox 323 1156 359 1216; x_wconf 89' lang='lat' dir='ltr'>ut</span> <span class='ocrx_word' id='word_1_45' title='bbox 389 1152 444 1235; x_wconf 91' lang='lat' dir='ltr'>qui</span> <span class='ocrx_word' id='word_1_46' title='bbox 475 1151 646 1216; x_wconf 90' lang='lat' dir='ltr'>verborum</span> <span class='ocrx_word' id='word_1_47' title='bbox 679 1151 807 1218; x_wconf 84' lang='lat' dir='ltr'>ordines</span> <span class='ocrx_word' id='word_1_48' title='bbox 837 1152 877 1216; x_wconf 90' lang='lat' dir='ltr'>ad</span> <span class='ocrx_word' id='word_1_49' title='bbox 905 1152 1134 1236; x_wconf 90' lang='lat' dir='ltr'>paeonicorum</span> <span class='ocrx_word' id='word_1_50' title='bbox 1167 1153 1469 1237; x_wconf 86' lang='lat' dir='ltr'>proceleusmatico-</span> 
     </span>
     <span class='ocr_line' id='line_1_8' title="bbox 322 1235 1468 1344; baseline 0.003 -22"><span class='ocrx_word' id='word_1_51' title='bbox 322 1280 457 1344; x_wconf 91' lang='lat' dir='ltr'>rumque</span> <span class='ocrx_word' id='word_1_52' title='bbox 495 1258 741 1323; x_wconf 89' lang='lat' dir='ltr'>similitudinem</span> <span class='ocrx_word' id='word_1_53' title='bbox 782 1235 927 1344; x_wconf 57' lang='lat' dir='ltr'>(O&#39;bicere</span> <span class='ocrx_word' id='word_1_54' title='bbox 955 1279 1060 1341; x_wconf 78' lang='lat' dir='ltr'>neque,</span> <span class='ocrx_word' id='word_1_55' title='bbox 1097 1258 1243 1341; x_wconf 74' lang='lat' dir='ltr'>Prdpitiri</span> <span class='ocrx_word' id='word_1_56' title='bbox 1271 1258 1366 1343; x_wconf 81' lang='lat' dir='ltr'>foret)</span> <span class='ocrx_word' id='word_1_57' title='bbox 1399 1265 1468 1325; x_wconf 90' lang='lat' dir='ltr'>tam</span> 
     </span>
     <span class='ocr_line' id='line_1_9' title="bbox 322 1364 1586 1451; baseline 0.007 -23"><span class='ocrx_word' id='word_1_58' title='bbox 322 1387 424 1449; x_wconf 86' lang='lat' dir='ltr'>prope</span> <span class='ocrx_word' id='word_1_59' title='bbox 453 1364 616 1450; x_wconf 85' lang='lat' dir='ltr'>accedant,</span> <span class='ocrx_word' id='word_1_60' title='bbox 652 1370 689 1431; x_wconf 89' lang='lat' dir='ltr'>ut</span> <span class='ocrx_word' id='word_1_61' title='bbox 722 1367 776 1431; x_wconf 86' lang='lat' dir='ltr'>vix</span> <span class='ocrx_word' id='word_1_62' title='bbox 808 1367 981 1451; x_wconf 89' lang='lat' dir='ltr'>quicquam</span> <span class='ocrx_word' id='word_1_63' title='bbox 1014 1367 1182 1432; x_wconf 75' lang='lat' dir='ltr'>molestiae</span> <span class='ocrx_word' id='word_1_64' title='bbox 1216 1389 1232 1429; x_wconf 93' lang='lat' dir='ltr'>e</span> <span class='ocrx_word' id='word_1_65' title='bbox 1265 1366 1469 1432; x_wconf 74' lang='lat' dir='ltr'>delitescenti</span> <span class='ocrx_word' id='word_1_66' title='bbox 1579 1425 1586 1437; x_wconf 91' lang='lat'>.</span> 
     </span>
     <span class='ocr_line' id='line_1_10' title="bbox 323 1471 1468 1557; baseline 0.002 -22"><span class='ocrx_word' id='word_1_67' title='bbox 323 1472 423 1556; x_wconf 81' lang='lat' dir='ltr'>longa</span> <span class='ocrx_word' id='word_1_68' title='bbox 453 1471 580 1556; x_wconf 85' lang='lat' dir='ltr'>syllaba</span> <span class='ocrx_word' id='word_1_69' title='bbox 610 1474 779 1538; x_wconf 85' lang='lat' dir='ltr'>sentiatur.</span> <span class='ocrx_word' id='word_1_70' title='bbox 812 1509 849 1518; x_wconf 89' lang='lat'>—-</span> <span class='ocrx_word' id='word_1_71' title='bbox 882 1472 1036 1557; x_wconf 86' lang='lat' dir='ltr'>Superest</span> <span class='ocrx_word' id='word_1_72' title='bbox 1065 1478 1116 1556; x_wconf 86' lang='lat' dir='ltr'>ut,</span> <span class='ocrx_word' id='word_1_73' title='bbox 1146 1473 1223 1557; x_wconf 92' lang='lat' dir='ltr'>quid</span> <span class='ocrx_word' id='word_1_74' title='bbox 1254 1472 1370 1537; x_wconf 91' lang='lat' dir='ltr'>horum</span> <span class='ocrx_word' id='word_1_75' title='bbox 1400 1495 1468 1539; x_wconf 86' lang='lat' dir='ltr'>orn·</span> 
     </span>
     <span class='ocr_line' id='line_1_11' title="bbox 322 1578 1467 1665; baseline -0.001 -23"><span class='ocrx_word' id='word_1_76' title='bbox 322 1579 421 1660; x_wconf 90' lang='lat' dir='ltr'>nium,</span> <span class='ocrx_word' id='word_1_77' title='bbox 445 1600 527 1663; x_wconf 89' lang='lat' dir='ltr'>quae</span> <span class='ocrx_word' id='word_1_78' title='bbox 552 1579 592 1644; x_wconf 94' lang='lat' dir='ltr'>de</span> <span class='ocrx_word' id='word_1_79' title='bbox 614 1579 787 1644; x_wconf 81' lang='lat' dir='ltr'>trochaicis</span> <span class='ocrx_word' id='word_1_80' title='bbox 811 1582 1032 1665; x_wconf 81' lang='lat' dir='ltr'>exposuimus,</span> <span class='ocrx_word' id='word_1_81' title='bbox 1055 1581 1187 1646; x_wconf 89' lang='lat' dir='ltr'>iambici</span> <span class='ocrx_word' id='word_1_82' title='bbox 1212 1578 1359 1645; x_wconf 90' lang='lat' dir='ltr'>senarii</span> <span class='ocrx_word' id='word_1_83' title='bbox 1383 1599 1467 1642; x_wconf 85' lang='lat' dir='ltr'>reee-</span> 
     </span>
     <span class='ocr_line' id='line_1_12' title="bbox 323 1685 1467 1771; baseline -0.001 -21"><span class='ocrx_word' id='word_1_84' title='bbox 323 1685 439 1769; x_wconf 85' lang='lat' dir='ltr'>perint,</span> <span class='ocrx_word' id='word_1_85' title='bbox 462 1685 668 1750; x_wconf 87' lang='lat' dir='ltr'>definiamus:</span> <span class='ocrx_word' id='word_1_86' title='bbox 697 1687 782 1771; x_wconf 88' lang='lat' dir='ltr'>quod</span> <span class='ocrx_word' id='word_1_87' title='bbox 809 1709 875 1751; x_wconf 94' lang='lat' dir='ltr'>non</span> <span class='ocrx_word' id='word_1_88' title='bbox 904 1687 968 1751; x_wconf 83' lang='lat' dir='ltr'>fuit</span> <span class='ocrx_word' id='word_1_89' title='bbox 996 1687 1143 1752; x_wconf 92' lang='lat' dir='ltr'>multum.</span> <span class='ocrx_word' id='word_1_90' title='bbox 1188 1686 1275 1762; x_wconf 85' lang='lat' dir='ltr'>Quos</span> <span class='ocrx_word' id='word_1_91' title='bbox 1299 1685 1355 1749; x_wconf 91' lang='lat' dir='ltr'>ubi</span> <span class='ocrx_word' id='word_1_92' title='bbox 1379 1685 1467 1750; x_wconf 89' lang='lat' dir='ltr'>solas</span> 
     </span>
     <span class='ocr_line' id='line_1_13' title="bbox 323 1789 1469 1878; baseline 0 -22"><span class='ocrx_word' id='word_1_93' title='bbox 323 1792 507 1858; x_wconf 89' lang='lat' dir='ltr'>trochaicas</span> <span class='ocrx_word' id='word_1_94' title='bbox 531 1814 624 1857; x_wconf 88' lang='lat' dir='ltr'>voces</span> <span class='ocrx_word' id='word_1_95' title='bbox 648 1793 758 1858; x_wconf 80' lang='lat' dir='ltr'>dixero</span> <span class='ocrx_word' id='word_1_96' title='bbox 781 1794 815 1858; x_wconf 92' lang='lat' dir='ltr'>in</span> <span class='ocrx_word' id='word_1_97' title='bbox 840 1795 909 1858; x_wconf 90' lang='lat' dir='ltr'>solo</span> <span class='ocrx_word' id='word_1_98' title='bbox 933 1794 1038 1877; x_wconf 90' lang='lat' dir='ltr'>primo</span> <span class='ocrx_word' id='word_1_99' title='bbox 1058 1793 1139 1878; x_wconf 85' lang='lat' dir='ltr'>pede</span> <span class='ocrx_word' id='word_1_100' title='bbox 1159 1793 1337 1875; x_wconf 83' lang='lat' dir='ltr'>admisisse,</span> <span class='ocrx_word' id='word_1_101' title='bbox 1360 1789 1469 1856; x_wconf 87' lang='lat' dir='ltr'>dixero</span> 
     </span>
     <span class='ocr_line' id='line_1_14' title="bbox 323 1899 1469 1985; baseline 0 -21"><span class='ocrx_word' id='word_1_102' title='bbox 323 1921 424 1985; x_wconf 89' lang='lat' dir='ltr'>prope</span> <span class='ocrx_word' id='word_1_103' title='bbox 447 1901 569 1964; x_wconf 90' lang='lat' dir='ltr'>omnia:</span> <span class='ocrx_word' id='word_1_104' title='bbox 600 1921 638 1964; x_wconf 89' lang='lat' dir='ltr'>ac</span> <span class='ocrx_word' id='word_1_105' title='bbox 667 1921 707 1964; x_wconf 91' lang='lat' dir='ltr'>ne</span> <span class='ocrx_word' id='word_1_106' title='bbox 734 1899 820 1964; x_wconf 88' lang='lat' dir='ltr'>binis</span> <span class='ocrx_word' id='word_1_107' title='bbox 844 1899 974 1984; x_wconf 90' lang='lat' dir='ltr'>quidem</span> <span class='ocrx_word' id='word_1_108' title='bbox 998 1903 1074 1982; x_wconf 89' lang='lat' dir='ltr'>post</span> <span class='ocrx_word' id='word_1_109' title='bbox 1096 1899 1168 1964; x_wconf 90' lang='lat' dir='ltr'>illas</span> <span class='ocrx_word' id='word_1_110' title='bbox 1192 1899 1345 1964; x_wconf 87' lang='lat' dir='ltr'>brevibus</span> <span class='ocrx_word' id='word_1_111' title='bbox 1370 1899 1469 1982; x_wconf 82' lang='lat' dir='ltr'>sylla-</span> 
     </span>
     <span class='ocr_line' id='line_1_15' title="bbox 324 2003 1469 2090; baseline -0.001 -19"><span class='ocrx_word' id='word_1_112' title='bbox 324 2007 374 2071; x_wconf 85' lang='lat' dir='ltr'>bis</span> <span class='ocrx_word' id='word_1_113' title='bbox 398 2029 480 2090; x_wconf 92' lang='lat' dir='ltr'>opus</span> <span class='ocrx_word' id='word_1_114' title='bbox 503 2005 574 2088; x_wconf 86' lang='lat' dir='ltr'>fuit,</span> <span class='ocrx_word' id='word_1_115' title='bbox 597 2005 653 2069; x_wconf 91' lang='lat' dir='ltr'>sed</span> <span class='ocrx_word' id='word_1_116' title='bbox 676 2006 756 2070; x_wconf 89' lang='lat' dir='ltr'>satis</span> <span class='ocrx_word' id='word_1_117' title='bbox 780 2025 851 2068; x_wconf 88' lang='lat' dir='ltr'>esse</span> <span class='ocrx_word' id='word_1_118' title='bbox 875 2027 938 2069; x_wconf 88' lang='lat' dir='ltr'>una</span> <span class='ocrx_word' id='word_1_119' title='bbox 961 2005 1032 2069; x_wconf 86' lang='lat' dir='ltr'>visa</span> <span class='ocrx_word' id='word_1_120' title='bbox 1056 2008 1115 2070; x_wconf 88' lang='lat' dir='ltr'>est.</span> <span class='ocrx_word' id='word_1_121' title='bbox 1151 2004 1251 2071; x_wconf 88' lang='lat' dir='ltr'>Velut</span> <span class='ocrx_word' id='word_1_122' title='bbox 1274 2003 1367 2088; x_wconf 82' lang='lat' dir='ltr'>Oapt</span> <span class='ocrx_word' id='word_1_123' title='bbox 1390 2005 1415 2090; x_wconf 81' lang='grc' dir='ltr'>Ι,</span> <span class='ocrx_word' id='word_1_124' title='bbox 1439 2007 1469 2088; x_wconf 80' lang='grc'>2,</span> 
     </span>
    </p>
   </div>
   <div class='ocr_carea' id='block_1_6' title="bbox 327 2110 948 2195">
    <p class='ocr_par' dir='ltr' id='par_1_6' title="bbox 327 2110 948 2195">
     <span class='ocr_line' id='line_1_16' title="bbox 327 2110 948 2195; baseline -0.002 -18"><span class='ocrx_word' id='word_1_125' title='bbox 327 2113 375 2177; x_wconf 85' lang='lat'>19.</span> <span class='ocrx_word' id='word_1_126' title='bbox 401 2111 516 2177; x_wconf 68' lang='lat' dir='ltr'>sacen.</span> <span class='ocrx_word' id='word_1_127' title='bbox 541 2112 604 2176; x_wconf 80' lang='lat' dir='ltr'>rea</span> <span class='ocrx_word' id='word_1_128' title='bbox 630 2112 733 2195; x_wconf 69' lang='lat' dir='ltr'>[susp</span> <span class='ocrx_word' id='word_1_129' title='bbox 757 2110 845 2176; x_wconf 74' lang='lat' dir='ltr'>nin.</span> <span class='ocrx_word' id='word_1_130' title='bbox 869 2112 948 2176; x_wconf 75' lang='lat' dir='ltr'>aas:</span> 
     </span>
    </p>
   </div>
   <div class='ocr_carea' id='block_1_7' title="bbox 413 2255 1281 2553">
    <p class='ocr_par' dir='ltr' id='par_1_7' title="bbox 413 2255 1281 2553">
     <span class='ocr_line' id='line_1_17' title="bbox 413 2255 1281 2338; baseline -0.002 -18"><span class='ocrx_word' id='word_1_131' title='bbox 413 2255 514 2321; x_wconf 77' lang='lat' dir='ltr'>Nullo</span> <span class='ocrx_word' id='word_1_132' title='bbox 537 2255 716 2319; x_wconf 86' lang='lat' dir='ltr'>iuuentutis</span> <span class='ocrx_word' id='word_1_133' title='bbox 740 2257 814 2338; x_wconf 70' lang='lat' dir='ltr'>spes</span> <span class='ocrx_word' id='word_1_134' title='bbox 838 2257 901 2318; x_wconf 90' lang='lat' dir='ltr'>est:</span> <span class='ocrx_word' id='word_1_135' title='bbox 925 2275 995 2319; x_wconf 91' lang='lat' dir='ltr'>sese</span> <span class='ocrx_word' id='word_1_136' title='bbox 1019 2257 1131 2318; x_wconf 75' lang='lat' dir='ltr'>omnes</span> <span class='ocrx_word' id='word_1_137' title='bbox 1156 2259 1281 2320; x_wconf 90' lang='lat' dir='ltr'>amant:</span> 
     </span>
     <span class='ocr_line' id='line_1_18' title="bbox 414 2360 1238 2447; baseline -0.001 -21"><span class='ocrx_word' id='word_1_138' title='bbox 414 2361 531 2426; x_wconf 74' lang='lat' dir='ltr'>Nrdlub</span> <span class='ocrx_word' id='word_1_139' title='bbox 552 2361 649 2426; x_wconf 91' lang='lat' dir='ltr'>homo</span> <span class='ocrx_word' id='word_1_140' title='bbox 673 2361 760 2443; x_wconf 87' lang='lat' dir='ltr'>dicit,</span> <span class='ocrx_word' id='word_1_141' title='bbox 782 2361 843 2425; x_wconf 75' lang='lat' dir='ltr'>hae</span> <span class='ocrx_word' id='word_1_142' title='bbox 865 2360 1004 2425; x_wconf 90' lang='lat' dir='ltr'>tabellae</span> <span class='ocrx_word' id='word_1_143' title='bbox 1027 2365 1060 2426; x_wconf 84' lang='lat' dir='ltr'>te</span> <span class='ocrx_word' id='word_1_144' title='bbox 1083 2364 1238 2447; x_wconf 77' lang='lat' dir='ltr'>arguunt:</span> 
     </span>
     <span class='ocr_line' id='line_1_19' title="bbox 414 2467 1183 2553; baseline 0.001 -21"><span class='ocrx_word' id='word_1_145' title='bbox 414 2467 447 2532; x_wconf 87' lang='lat' dir='ltr'>Si</span> <span class='ocrx_word' id='word_1_146' title='bbox 471 2469 546 2530; x_wconf 66' lang='lat' dir='ltr'>autc</span> <span class='ocrx_word' id='word_1_147' title='bbox 564 2468 732 2552; x_wconf 89' lang='lat' dir='ltr'>uoluisses,</span> <span class='ocrx_word' id='word_1_148' title='bbox 755 2471 855 2532; x_wconf 77' lang='lat' dir='ltr'>esses:</span> <span class='ocrx_word' id='word_1_149' title='bbox 878 2489 964 2533; x_wconf 93' lang='lat' dir='ltr'>nunc</span> <span class='ocrx_word' id='word_1_150' title='bbox 987 2472 1058 2533; x_wconf 80' lang='lat' dir='ltr'>sard</span> <span class='ocrx_word' id='word_1_151' title='bbox 1082 2469 1183 2553; x_wconf 88' lang='lat' dir='ltr'>cupis,</span> 
     </span>
    </p>
   </div>
   <div class='ocr_carea' id='block_1_8' title="bbox 325 2609 1470 2802">
    <p class='ocr_par' dir='ltr' id='par_1_8' title="bbox 325 2609 1470 2802">
     <span class='ocr_line' id='line_1_20' title="bbox 325 2609 1470 2696; baseline 0.002 -22"><span class='ocrx_word' id='word_1_152' title='bbox 325 2611 382 2675; x_wconf 93' lang='lat' dir='ltr'>ubi</span> <span class='ocrx_word' id='word_1_153' title='bbox 404 2632 469 2674; x_wconf 91' lang='lat' dir='ltr'>non</span> <span class='ocrx_word' id='word_1_154' title='bbox 493 2615 563 2674; x_wconf 91' lang='lat' dir='ltr'>erat</span> <span class='ocrx_word' id='word_1_155' title='bbox 586 2610 827 2676; x_wconf 86' lang='lat' dir='ltr'>sollicitandum</span> <span class='ocrx_word' id='word_1_156' title='bbox 850 2609 967 2696; x_wconf 82' lang='lat' dir='ltr'>unte.*)</span> <span class='ocrx_word' id='word_1_157' title='bbox 999 2610 1028 2675; x_wconf 87' lang='lat' dir='ltr'>A</span> <span class='ocrx_word' id='word_1_158' title='bbox 1049 2611 1200 2694; x_wconf 89' lang='lat' dir='ltr'>qualibus</span> <span class='ocrx_word' id='word_1_159' title='bbox 1219 2611 1383 2696; x_wconf 83' lang='lat' dir='ltr'>profectus</span> <span class='ocrx_word' id='word_1_160' title='bbox 1402 2633 1470 2676; x_wconf 91' lang='lat' dir='ltr'>non</span> 
     </span>
     <span class='ocr_line' id='line_1_21' title="bbox 325 2717 1198 2802; baseline 0.001 -21"><span class='ocrx_word' id='word_1_161' title='bbox 325 2721 395 2782; x_wconf 88' lang='lat' dir='ltr'>erat</span> <span class='ocrx_word' id='word_1_162' title='bbox 419 2739 475 2782; x_wconf 88' lang='lat' dir='ltr'>cur</span> <span class='ocrx_word' id='word_1_163' title='bbox 498 2717 619 2782; x_wconf 86' lang='lat' dir='ltr'>similia</span> <span class='ocrx_word' id='word_1_164' title='bbox 641 2718 736 2782; x_wconf 91' lang='lat' dir='ltr'>initia</span> <span class='ocrx_word' id='word_1_165' title='bbox 759 2741 788 2783; x_wconf 84' lang='lat' dir='ltr'>v.</span> <span class='ocrx_word' id='word_1_166' title='bbox 811 2717 884 2782; x_wconf 82' lang='lat'>218.</span> <span class='ocrx_word' id='word_1_167' title='bbox 909 2718 973 2784; x_wconf 84' lang='lat'>598</span> <span class='ocrx_word' id='word_1_168' title='bbox 998 2717 1198 2802; x_wconf 84' lang='lat' dir='ltr'>defugerem:</span> 
     </span>
    </p>
   </div>
   <div class='ocr_carea' id='block_1_9' title="bbox 414 2859 1466 3160">
    <p class='ocr_par' dir='ltr' id='par_1_9' title="bbox 414 2859 1466 3160">
     <span class='ocr_line' id='line_1_22' title="bbox 420 2859 1466 2945; baseline -0.001 -20"><span class='ocrx_word' id='word_1_169' title='bbox 420 2860 508 2925; x_wconf 81' lang='lat' dir='ltr'>Vnde&#39;</span> <span class='ocrx_word' id='word_1_170' title='bbox 532 2859 585 2942; x_wconf 85' lang='lat' dir='ltr'>[cf.</span> <span class='ocrx_word' id='word_1_171' title='bbox 614 2882 712 2944; x_wconf 90' lang='lat' dir='ltr'>supra</span> <span class='ocrx_word' id='word_1_172' title='bbox 740 2883 770 2945; x_wconf 91' lang='lat' dir='ltr'>p.</span> <span class='ocrx_word' id='word_1_173' title='bbox 798 2860 877 2940; x_wconf 75' lang='lat'><strong>377]</strong></span> <span class='ocrx_word' id='word_1_174' title='bbox 909 2860 986 2944; x_wconf 93' lang='lat' dir='ltr'>qnid</span> <span class='ocrx_word' id='word_1_175' title='bbox 1014 2860 1161 2925; x_wconf 88' lang='lat' dir='ltr'>auditum</span> <span class='ocrx_word' id='word_1_176' title='bbox 1189 2859 1314 2942; x_wconf 85' lang='lat' dir='ltr'>dicant,</span> <span class='ocrx_word' id='word_1_177' title='bbox 1345 2861 1406 2925; x_wconf 88' lang='lat' dir='ltr'>nisi</span> <span class='ocrx_word' id='word_1_178' title='bbox 1433 2859 1466 2924; x_wconf 92' lang='lat' dir='ltr'>id</span> 
     </span>
     <span class='ocr_line' id='line_1_23' title="bbox 1123 2969 1286 3052; baseline 0 -21"><span class='ocrx_word' id='word_1_179' title='bbox 1123 2969 1286 3052; x_wconf 76' lang='lat' dir='ltr'>appareat.</span> 
     </span>
     <span class='ocr_line' id='line_1_24' title="bbox 414 3073 1425 3160; baseline 0.003 -23"><span class='ocrx_word' id='word_1_180' title='bbox 414 3073 484 3138; x_wconf 84' lang='lat' dir='ltr'>Iln&#39;t</span> <span class='ocrx_word' id='word_1_181' title='bbox 504 3074 566 3138; x_wconf 87' lang='lat' dir='ltr'>iste</span> <span class='ocrx_word' id='word_1_182' title='bbox 589 3073 721 3160; x_wconf 77' lang='lat' dir='ltr'>hinc**)</span> <span class='ocrx_word' id='word_1_183' title='bbox 745 3074 855 3158; x_wconf 90' lang='lat' dir='ltr'>aliquo</span> <span class='ocrx_word' id='word_1_184' title='bbox 879 3075 912 3138; x_wconf 95' lang='lat' dir='ltr'>in</span> <span class='ocrx_word' id='word_1_185' title='bbox 937 3076 1121 3138; x_wconf 71' lang='lat' dir='ltr'>minumam</span> <span class='ocrx_word' id='word_1_186' title='bbox 1145 3075 1264 3138; x_wconf 76' lang='lat' dir='ltr'>malam</span> <span class='ocrx_word' id='word_1_187' title='bbox 1288 3097 1425 3143; x_wconf 88' lang='lat' dir='ltr'>crucem.</span> 
     </span>
    </p>
   </div>
   <div class='ocr_carea' id='block_1_10' title="bbox 196 3215 835 3292">
    <p class='ocr_par' dir='ltr' id='par_1_10' title="bbox 196 3215 835 3292">
     <span class='ocr_line' id='line_1_25' title="bbox 196 3215 835 3292; baseline -0.013 -5"><span class='ocrx_word' id='word_1_188' title='bbox 196 3247 312 3292; x_wconf 84' lang='lat' dir='ltr'>ccxxxr</span> <span class='ocrx_word' id='word_1_189' title='bbox 326 3215 394 3283; x_wconf 89' lang='lat' dir='ltr'>Nee</span> <span class='ocrx_word' id='word_1_190' title='bbox 418 3217 587 3283; x_wconf 88' lang='lat' dir='ltr'>offensioni</span> <span class='ocrx_word' id='word_1_191' title='bbox 611 3220 683 3282; x_wconf 85' lang='lat' dir='ltr'>erat</span> <span class='ocrx_word' id='word_1_192' title='bbox 705 3239 732 3281; x_wconf 89' lang='lat' dir='ltr'>v.</span> <span class='ocrx_word' id='word_1_193' title='bbox 755 3217 835 3280; x_wconf 81' lang='lat'><strong>432:</strong></span> 
     </span>
    </p>
   </div>
   <div class='ocr_carea' id='block_1_11' title="bbox 416 3359 1351 3444">
    <p class='ocr_par' dir='ltr' id='par_1_11' title="bbox 416 3359 1351 3444">
     <span class='ocr_line' id='line_1_26' title="bbox 416 3359 1351 3444; baseline -0.002 -20"><span class='ocrx_word' id='word_1_194' title='bbox 416 3359 548 3443; x_wconf 73' lang='lat' dir='ltr'>Tempsis</span> <span class='ocrx_word' id='word_1_195' title='bbox 571 3359 750 3425; x_wconf 88' lang='lat' dir='ltr'>adeundist.</span> <span class='ocrx_word' id='word_1_196' title='bbox 782 3359 884 3424; x_wconf 78' lang='lat' dir='ltr'>Estne</span> <span class='ocrx_word' id='word_1_197' title='bbox 907 3359 960 3425; x_wconf 92' lang='lat' dir='ltr'>hic</span> <span class='ocrx_word' id='word_1_198' title='bbox 982 3359 1092 3424; x_wconf 89' lang='lat' dir='ltr'>Philto</span> <span class='ocrx_word' id='word_1_199' title='bbox 1117 3361 1173 3444; x_wconf 93' lang='lat' dir='ltr'>qui</span> <span class='ocrx_word' id='word_1_200' title='bbox 1197 3359 1351 3425; x_wconf 77' lang='lat' dir='ltr'>aduenit?</span> 
     </span>
    </p>
   </div>
   <div class='ocr_carea' id='block_1_12' title="bbox 324 3501 1467 3676">
    <p class='ocr_par' dir='ltr' id='par_1_12' title="bbox 324 3501 1467 3676">
     <span class='ocr_line' id='line_1_27' title="bbox 324 3501 1467 3601; baseline -0.003 -32"><span class='ocrx_word' id='word_1_201' title='bbox 324 3505 388 3569; x_wconf 90' lang='lat' dir='ltr'>nisi</span> <span class='ocrx_word' id='word_1_202' title='bbox 410 3505 458 3568; x_wconf 90' lang='lat' dir='ltr'>ibi</span> <span class='ocrx_word' id='word_1_203' title='bbox 482 3503 571 3601; x_wconf 78' lang='lat' dir='ltr'>aliud</span> <span class='ocrx_word' id='word_1_204' title='bbox 595 3503 753 3568; x_wconf 87' lang='lat' dir='ltr'>suasisset</span> <span class='ocrx_word' id='word_1_205' title='bbox 775 3503 983 3567; x_wconf 80' lang='lat' dir='ltr'>Ambrosiani</span> <span class='ocrx_word' id='word_1_206' title='bbox 1007 3503 1194 3568; x_wconf 88' lang='lat' dir='ltr'>auctoritas.</span> <span class='ocrx_word' id='word_1_207' title='bbox 1232 3501 1294 3566; x_wconf 87' lang='lat' dir='ltr'>Sed</span> <span class='ocrx_word' id='word_1_208' title='bbox 1312 3523 1377 3567; x_wconf 93' lang='lat' dir='ltr'>non</span> <span class='ocrx_word' id='word_1_209' title='bbox 1396 3507 1467 3566; x_wconf 88' lang='lat' dir='ltr'>tan·</span> 
     </span>
     <span class='ocr_line' id='line_1_28' title="bbox 325 3609 1336 3676; baseline -0.001 -2"><span class='ocrx_word' id='word_1_210' title='bbox 325 3615 394 3676; x_wconf 88' lang='lat' dir='ltr'>tum</span> <span class='ocrx_word' id='word_1_211' title='bbox 417 3611 562 3676; x_wconf 86' lang='lat' dir='ltr'>insuavis</span> <span class='ocrx_word' id='word_1_212' title='bbox 586 3616 657 3675; x_wconf 88' lang='lat' dir='ltr'>erat</span> <span class='ocrx_word' id='word_1_213' title='bbox 679 3634 707 3676; x_wconf 82' lang='lat' dir='ltr'>v.</span> <span class='ocrx_word' id='word_1_214' title='bbox 731 3609 797 3674; x_wconf 89' lang='grc'>440</span> <span class='ocrx_word' id='word_1_215' title='bbox 821 3610 993 3675; x_wconf 90' lang='lat' dir='ltr'>insolentis</span> <span class='ocrx_word' id='word_1_216' title='bbox 1018 3615 1169 3675; x_wconf 90' lang='lat' dir='ltr'>accentus</span> <span class='ocrx_word' id='word_1_217' title='bbox 1192 3609 1336 3674; x_wconf 85' lang='lat' dir='ltr'>iteratio:</span> 
     </span>
    </p>
   </div>
   <div class='ocr_carea' id='block_1_13' title="bbox 413 3751 1265 3839">
    <p class='ocr_par' dir='ltr' id='par_1_13' title="bbox 413 3751 1265 3839">
     <span class='ocr_line' id='line_1_29' title="bbox 413 3751 1265 3839; baseline -0.001 -22"><span class='ocrx_word' id='word_1_218' title='bbox 413 3753 485 3836; x_wconf 74' lang='lat' dir='ltr'>Eyo&#39;</span> <span class='ocrx_word' id='word_1_219' title='bbox 506 3776 634 3839; x_wconf 89' lang='lat' dir='ltr'>quoque</span> <span class='ocrx_word' id='word_1_220' title='bbox 657 3753 722 3818; x_wconf 76' lang='lat' dir='ltr'>csse‘</span> <span class='ocrx_word' id='word_1_221' title='bbox 742 3754 815 3818; x_wconf 92' lang='lat' dir='ltr'>nolo</span> <span class='ocrx_word' id='word_1_222' title='bbox 840 3751 933 3836; x_wconf 86' lang='lat' dir='ltr'>liber,</span> <span class='ocrx_word' id='word_1_223' title='bbox 956 3751 1153 3837; x_wconf 75' lang='lat' dir='ltr'>nequiquam</span> <span class='ocrx_word' id='word_1_224' title='bbox 1179 3751 1265 3836; x_wconf 84' lang='lat' dir='ltr'>nolu,</span> 
     </span>
    </p>
   </div>
   <div class='ocr_carea' id='block_1_14' title="bbox 325 3894 1471 4195">
    <p class='ocr_par' dir='ltr' id='par_1_14' title="bbox 325 3894 1471 4195">
     <span class='ocr_line' id='line_1_30' title="bbox 325 3894 1471 3980; baseline -0.001 -21"><span class='ocrx_word' id='word_1_225' title='bbox 325 3917 435 3960; x_wconf 86' lang='lat' dir='ltr'>verum</span> <span class='ocrx_word' id='word_1_226' title='bbox 452 3896 548 3960; x_wconf 91' lang='lat' dir='ltr'>simul</span> <span class='ocrx_word' id='word_1_227' title='bbox 567 3899 600 3962; x_wconf 86' lang='lat' dir='ltr'>at</span> <span class='ocrx_word' id='word_1_228' title='bbox 618 3896 652 3959; x_wconf 91' lang='lat' dir='ltr'>in</span> <span class='ocrx_word' id='word_1_229' title='bbox 672 3895 812 3960; x_wconf 91' lang='lat' dir='ltr'>seeundo</span> <span class='ocrx_word' id='word_1_230' title='bbox 830 3894 911 3980; x_wconf 88' lang='lat' dir='ltr'>pede</span> <span class='ocrx_word' id='word_1_231' title='bbox 930 3896 995 3961; x_wconf 84' lang='lat' dir='ltr'>essc&#39;</span> <span class='ocrx_word' id='word_1_232' title='bbox 1010 3899 1193 3979; x_wconf 85' lang='lat' dir='ltr'>suspectum</span> <span class='ocrx_word' id='word_1_233' title='bbox 1214 3898 1255 3977; x_wconf 85' lang='lat' dir='ltr'>et,</span> <span class='ocrx_word' id='word_1_234' title='bbox 1273 3897 1310 3959; x_wconf 88' lang='lat' dir='ltr'>ut</span> <span class='ocrx_word' id='word_1_235' title='bbox 1328 3916 1357 3978; x_wconf 94' lang='lat' dir='ltr'>p.</span> <span class='ocrx_word' id='word_1_236' title='bbox 1377 3910 1471 3958; x_wconf 79' lang='lat' dir='ltr'>cnxx</span> 
     </span>
     <span class='ocr_line' id='line_1_31' title="bbox 326 3999 1470 4088; baseline -0.003 -20"><span class='ocrx_word' id='word_1_237' title='bbox 326 4003 419 4087; x_wconf 82' lang='lat'>[413]</span> <span class='ocrx_word' id='word_1_238' title='bbox 435 4003 538 4088; x_wconf 83' lang='lat' dir='ltr'>docui,</span> <span class='ocrx_word' id='word_1_239' title='bbox 560 4004 667 4086; x_wconf 90' lang='lat' dir='ltr'>ipsum</span> <span class='ocrx_word' id='word_1_240' title='bbox 685 4003 740 4085; x_wconf 74' lang='lat' dir='ltr'>eyo&#39;</span> <span class='ocrx_word' id='word_1_241' title='bbox 756 4001 934 4067; x_wconf 90' lang='lat' dir='ltr'>abhorrens</span> <span class='ocrx_word' id='word_1_242' title='bbox 954 4001 1227 4066; x_wconf 87' lang='lat' dir='ltr'>aconsuetndine.</span> <span class='ocrx_word' id='word_1_243' title='bbox 1267 3999 1470 4085; x_wconf 82' lang='lat' dir='ltr'>Quamquam</span> 
     </span>
     <span class='ocr_line' id='line_1_32' title="bbox 326 4107 1471 4195; baseline -0.003 -19"><span class='ocrx_word' id='word_1_244' title='bbox 326 4110 515 4176; x_wconf 82' lang='lat' dir='ltr'>desecando</span> <span class='ocrx_word' id='word_1_245' title='bbox 531 4109 662 4195; x_wconf 87' lang='lat' dir='ltr'>quidem</span> <span class='ocrx_word' id='word_1_246' title='bbox 676 4109 755 4194; x_wconf 92' lang='lat' dir='ltr'>pede</span> <span class='ocrx_word' id='word_1_247' title='bbox 770 4131 836 4174; x_wconf 91' lang='lat' dir='ltr'>non</span> <span class='ocrx_word' id='word_1_248' title='bbox 851 4113 901 4176; x_wconf 91' lang='lat' dir='ltr'>est</span> <span class='ocrx_word' id='word_1_249' title='bbox 911 4107 1108 4174; x_wconf 89' lang='lat' dir='ltr'>obstinatius</span> <span class='ocrx_word' id='word_1_250' title='bbox 1118 4108 1314 4192; x_wconf 84' lang='lat' dir='ltr'>negandum:</span> <span class='ocrx_word' id='word_1_251' title='bbox 1329 4109 1471 4192; x_wconf 86' lang='lat' dir='ltr'>perraris</span> 
     </span>
    </p>
   </div>
   <div class='ocr_carea' id='block_1_15' title="bbox 324 4354 1467 4603">
    <p class='ocr_par' dir='ltr' id='par_1_15' title="bbox 324 4354 1467 4603">
     <span class='ocr_line' id='line_1_33' title="bbox 414 4354 1154 4427; baseline -0.007 -15"><span class='ocrx_word' id='word_1_252' title='bbox 414 4357 440 4425; x_wconf 79' lang='grc'>*)</span> <span class='ocrx_word' id='word_1_253' title='bbox 459 4356 513 4427; x_wconf 80' lang='lat' dir='ltr'>[Of.</span> <span class='ocrx_word' id='word_1_254' title='bbox 533 4357 634 4427; x_wconf 89' lang='lat' dir='ltr'>Opnse.</span> <span class='ocrx_word' id='word_1_255' title='bbox 653 4355 723 4427; x_wconf 89' lang='lat' dir='ltr'>phil.</span> <span class='ocrx_word' id='word_1_256' title='bbox 742 4356 767 4409; x_wconf 91' lang='lat' dir='ltr'>Il</span> <span class='ocrx_word' id='word_1_257' title='bbox 787 4373 813 4424; x_wconf 89' lang='lat' dir='ltr'>p.</span> <span class='ocrx_word' id='word_1_258' title='bbox 835 4361 938 4422; x_wconf 75' lang='lat' dir='ltr'>tttsq.</span> <span class='ocrx_word' id='word_1_259' title='bbox 957 4354 1021 4409; x_wconf 91' lang='lat' dir='ltr'>coll.</span> <span class='ocrx_word' id='word_1_260' title='bbox 1040 4355 1154 4426; x_wconf 60' lang='lat' dir='ltr'>ttorq]</span> 
     </span>
     <span class='ocr_line' id='line_1_34' title="bbox 397 4439 1467 4515; baseline -0.005 -15"><span class='ocrx_word' id='word_1_261' title='bbox 397 4443 437 4514; x_wconf 82' lang='grc'>**)</span> <span class='ocrx_word' id='word_1_262' title='bbox 458 4445 532 4515; x_wconf 76' lang='lat' dir='ltr'>[Itu</span> <span class='ocrx_word' id='word_1_263' title='bbox 556 4446 649 4500; x_wconf 77' lang='lat' dir='ltr'>statim</span> <span class='ocrx_word' id='word_1_264' title='bbox 673 4444 702 4497; x_wconf 91' lang='lat' dir='ltr'>in</span> <span class='ocrx_word' id='word_1_265' title='bbox 727 4445 770 4500; x_wconf 86' lang='lat' dir='ltr'>sd.</span> <span class='ocrx_word' id='word_1_266' title='bbox 797 4444 846 4498; x_wconf 84' lang='lat' dir='ltr'>alt.</span> <span class='ocrx_word' id='word_1_267' title='bbox 873 4459 936 4496; x_wconf 91' lang='lat' dir='ltr'>cnm</span> <span class='ocrx_word' id='word_1_268' title='bbox 960 4443 1053 4498; x_wconf 87' lang='lat' dir='ltr'>Brixio</span> <span class='ocrx_word' id='word_1_269' title='bbox 1080 4443 1150 4498; x_wconf 80' lang='lat' dir='ltr'>‘nisi</span> <span class='ocrx_word' id='word_1_270' title='bbox 1175 4443 1243 4513; x_wconf 88' lang='lat' dir='ltr'>qnid</span> <span class='ocrx_word' id='word_1_271' title='bbox 1269 4445 1364 4498; x_wconf 65' lang='lat' dir='ltr'>mmen</span> <span class='ocrx_word' id='word_1_272' title='bbox 1390 4439 1467 4496; x_wconf 86' lang='lat' dir='ltr'>alind</span> 
     </span>
     <span class='ocr_line' id='line_1_35' title="bbox 324 4533 924 4603; baseline -0.018 -16"><span class='ocrx_word' id='word_1_273' title='bbox 324 4533 454 4603; x_wconf 85' lang='lat' dir='ltr'>subest’]</span> <span class='ocrx_word' id='word_1_274' title='bbox 922 4555 924 4559; x_wconf 94' lang='lat'>·</span> 
     </span>
    </p>
   </div>
   <div class='ocr_carea' id='block_1_16' title="bbox 0 0 1677 5074">
    <p class='ocr_par' dir='ltr' id='par_1_16' title="bbox 0 0 1677 5074">
     <span class='ocr_line' id='line_1_36' title="bbox 0 0 1677 5074; baseline 0 0"><span class='ocrx_word' id='word_1_275' title='bbox 0 0 1677 5074; x_wconf 95' lang='lat' dir='ltr'> </span> 
     </span>
    </p>
   </div>
  </div>
 </body>
</html>
