3332 5074
290 399 355 462 476
580 413 840 460 Paonaoouaua
865 413 911 458 nn
934 411 1146 458 nantoniavs

290 559 373 637 rom,
405 579 445 623 ne
477 557 674 622 consociatio
705 555 834 640 quidem
866 555 1034 639 utriusque
1064 553 1217 618 licentiae
1249 551 1436 636 improbate

290 671 348 730 est.
394 664 626 749 Progredimur
654 663 694 726 ad
718 683 819 748 genus
845 668 875 746 β,
907 661 997 726 ouius
1021 660 1082 726 hee
1108 660 1232 726 formae
1255 663 1333 724 sunt
1355 681 1435 743 quae

289 772 376 838 infra
397 773 507 856 posui:

290 880 347 960 Aa
368 878 439 944 ua.
461 878 519 961 lu,
542 880 572 962 s,
594 879 656 942 49:

378 1021 555 1085 Muliebros
579 1022 686 1084 moros
710 1019 853 1084 discendi
867 1069 1339 1082 ........

289 1170 334 1245 aa
357 1164 444 1228 urin.
466 1164 559 1228 104o.
582 1162 675 1227 lost.
712 1161 829 1226 naal.
848 1161 922 1227 346.
941 1162 1016 1226 eta.
1038 1162 1435 1243 1103[378.715.1142]:

378 1281 444 1408 llbi
468 1305 573 1370 malos
597 1306 704 1368 moros
728 1301 826 1388 adfigi
865 1353 1338 1368 ........

379 1413 451 1497 Ego
476 1412 575 1477 misor
599 1409 734 1476 summis
758 1410 886 1494 periclis
931 1461 1339 1475 .......

379 1503 430 1582 ild
454 1518 608 1603 probrum
629 1515 784 1608 ⁸dammim
809 1516 970 1601 flagitium
998 1567 1338 1581 ......

380 1625 487 1702 Quid?
512 1625 622 1688 stilom
647 1624 752 1688 oerom
775 1623 915 1688 tabellas
930 1674 1338 1689 .......

379 1732 469 1797 Haoc
492 1734 570 1797 ouos
594 1728 688 1796 uobis
712 1731 833 1795 melom
857 1754 925 1795 rem

290 1876 323 1940 in
348 1897 443 1961 quem
467 1897 595 1939 versum
619 1874 705 1938 idem
729 1874 812 1958 quod
837 1874 870 1938 in
895 1873 983 1938 Trin.
1006 1875 1090 1938 1124
1114 1874 1208 1939 cadit.

292 1982 363 2062 [Ββ
386 1981 455 2046 Mil.
478 1980 523 2065 ΙΙ,
543 1981 572 2065 3,
595 1979 689 2067 19*):

379 2124 529 2189 Profecto
552 2122 630 2189 uidi.
666 2123 761 2188 Tun?
785 2123 926 2209 Egomet
933 2175 1337 2188 .......
1346 2125 1358 2203 ]

176 2287 276 2327 ocxuv
290 2268 332 2348 ὁβ
354 2265 473 2332 Bacch.
496 2266 676 2332 645.1106
701 2266 789 2346 [682.
815 2266 927 2346 1145]:

381 2409 441 2486 Qui
465 2407 500 2473 in
524 2411 667 2474 montom
691 2405 783 2472 uenit
805 2408 865 2473 tibi
888 2409 971 2472 istuc
998 2460 1337 2473 ......

381 2512 465 2590 Quia
487 2516 618 2579 nostros
642 2516 744 2599 agnos
768 2515 936 2580 conclusos
999 2566 1337 2580 ......

290 2679 486 2742 quamquam
515 2656 630 2724 horum
659 2657 766 2740 priore
790 2657 838 2722 sic
860 2656 1018 2722 facillime
1041 2662 1194 2741 potuerat
1216 2659 1433 2742 spondeorum

290 2763 425 2829 durities
450 2763 560 2828 vitari:
586 2762 647 2844 Qui
669 2767 705 2826 ia
727 2769 856 2828 latentem
879 2765 935 2828 libi
957 2765 1042 2828 uouit
1063 2765 1142 2829 istuc
1153 2816 1425 2830 .....

290 2876 329 2950 cll
352 2869 438 2935 Trin.
462 2870 527 2935 693
552 2870 605 2950 [cf.
628 2893 658 2952 p.
682 2871 771 2951 331].
796 2871 873 2934 716:

379 3012 424 3116 'le'
448 3013 612 3095 honeste't,
636 3034 686 3076 me
711 3015 820 3077 autom
843 3015 1017 3079 conlutitet
1065 3066 1337 3079 .....

379 3117 452 3205 Ego
476 3119 599 3184 amicus
622 3121 797 3203 numquom
821 3119 882 3185 tibi
906 3142 960 3184 ero
985 3121 1049 3184 alio
1065 3173 1337 3186 .....

290 3262 345 3327 ubi
368 3283 453 3326 nunc
472 3261 626 3346 intellego
646 3283 713 3327 non
732 3285 812 3346 opus
831 3261 932 3327 fuisse
952 3263 1162 3347 transpositis
1181 3265 1237 3327 tilii
1255 3265 1434 3346 altmonam,

289 3371 334 3448 (ἰβ
357 3369 425 3433 Mil.
444 3368 487 3450 ΙΙ,
505 3369 535 3451 5,
554 3370 605 3433 23.
642 3367 701 3453 ΙΙΙ,
722 3373 750 3453 1,
772 3371 842 3435 110.
865 3371 940 3436 128:

379 3510 474 3575 Corte
498 3510 644 3595 equide‘m
669 3515 781 3576 nostor
804 3535 886 3576 sum.
923 3512 968 3578 ut
991 3514 1044 3597 pol
1069 3534 1130 3598 ego
1197 3566 1204 3577 .
1264 3565 1270 3576 .
1331 3564 1337 3576 .

379 3616 514 3693 Quondo
538 3617 641 3682 habeo
665 3619 785 3683 multos
809 3623 967 3705 cognatos
997 3671 1337 3684 ......

380 3722 465 3788 Huic
489 3723 616 3790 homini
636 3726 803 3810 dignumst
825 3725 957 3792 diuitias
997 3777 1337 3791 ......

291 3864 443 3950 Sequitur
466 3868 597 3933 tertium
621 3891 722 3954 genus
746 3893 774 3954 γ,
798 3870 888 3936 cuius
912 3871 1021 3952 accipe
1044 3869 1125 3934 haec
1148 3870 1308 3953 exempla:

290 3974 346 4049 Αγ
370 3972 457 4038 Trin.
481 3975 555 4040 615.
574 3977 648 4041 oll.
685 3977 752 4043 Mil.
776 3977 833 4060 IV,
851 3979 882 4062 4,
901 3977 957 4040 29:

379 4117 616 4202 Propemodum
641 4119 718 4204 qnid
740 4117 807 4183 illie
829 4118 963 4183 festinet
997 4169 1336 4183 ......

380 4225 483 4299 Quom
506 4223 664 4310 impiant,
688 4225 810 4308 cupios:
834 4224 962 4308 quando
986 4225 1054 4290 eins
1063 4275 1336 4290 .....

379 4314 525 4395 llbierim
550 4333 682 4415 capione
706 4331 801 4396 istius
863 4382 1336 4396 ........

378 4521 405 4590 *)
425 4521 476 4592 [Ol.
497 4525 591 4576 annot
612 4523 740 4576 adhunc
760 4541 879 4594 versum,
899 4525 999 4594 Opsec.
1019 4524 1089 4593 phil.
1108 4524 1133 4577 ll
1152 4541 1180 4593 p.
1199 4525 1272 4595 ott]
