3306 5070
475 449 776 499 aaaruaavrounu
799 452 871 500 nun
896 437 1105 501 inreverens.
1297 437 1360 502 697

218 594 428 660 continemur.
471 592 575 669 Quam
598 613 670 658 cum
695 597 817 659 certam
839 595 872 660 in
896 594 948 660 his
971 596 1065 660 terris
1090 596 1198 661 sedem
1223 598 1360 681 optima-

217 723 290 766 rum
314 701 433 768 artium
457 704 490 765 et
512 703 680 786 tamquam
702 723 874 786 perennem
901 702 1025 768 fontem
1050 703 1211 788 veritatis,
1240 703 1362 768 solidae

218 809 371 894 nullaque
389 807 610 892 praeiudicata
629 809 781 893 opinione
802 809 959 876 coercitae
977 809 1143 875 doctrinae
1162 809 1363 896 magistram,

218 915 292 980 fidei
320 937 357 980 ao
384 914 551 999 religionis
580 916 786 1000 incorruptae
812 916 972 982 nutricem
1001 939 1161 1002 sanaeque
1188 919 1221 982 in
1247 917 1364 1002 quovis

217 1042 335 1107 genere
363 1022 524 1087 libertatis
553 1022 726 1107 vindicem,
758 1023 896 1108 denique
925 1023 1137 1089 humanitatis
1168 1023 1362 1090 effectricem

219 1131 316 1213 atque
347 1128 512 1195 custodem
540 1151 609 1194 esse
638 1130 747 1198 Drvvs
771 1129 982 1197 Farnnarovs
1006 1130 1209 1198 Gvrasnnvs
1232 1130 1281 1196 III
1309 1153 1362 1196 vo·

219 1236 334 1302 luisset
357 1258 430 1302 vere
454 1237 544 1324 regio
568 1236 721 1302 consilio:
744 1236 856 1301 eadem
875 1241 1030 1322 patemaa
1049 1241 1082 1302 et
1100 1238 1306 1304 liberalitatis
1330 1242 1363 1304 et

218 1343 397 1409 voluntatis
420 1343 570 1409 heredem
587 1343 598 1428 ΙΙ
615 1341 739 1428 Regem
753 1343 1033 1429 Angustissimum
1048 1343 1342 1411 clementissimum
1353 1341 1363 1430 [f

219 1446 337 1514 Divum
355 1449 366 1533 ΙΙ
383 1447 605 1516 Farnanrcvn
629 1449 842 1515 vaunnvn
865 1449 932 1515 IIII
953 1451 964 1535 ΙΙ
986 1451 1097 1536 iniqua
1119 1473 1204 1517 nunc
1227 1455 1363 1516 naturae

219 1555 414 1620 necessitate
436 1554 589 1621 Borussis
620 1557 686 1622 suis
719 1560 879 1642 ereptum
911 1579 969 1642 per
998 1562 1153 1643 quattuor
1183 1558 1362 1623 lustrorum

218 1661 466 1728 diuturnitatem
484 1666 553 1728 tam
572 1663 760 1729 munificum
780 1669 1041 1730 conservatorem
1060 1669 1194 1750 experta
1212 1669 1272 1748 est,
1295 1669 1362 1730 tam

218 1771 252 1832 et
274 1769 415 1836 nobilem
439 1774 473 1835 et
494 1770 606 1836 mitem
629 1775 802 1856 patronum
826 1777 988 1857 venerata,
1011 1771 1133 1858 ingenii
1152 1792 1225 1836 cum
1243 1771 1362 1837 beatis·

218 1876 292 1941 simi
330 1880 399 1942 tum
436 1878 608 1943 cultissimi
645 1882 714 1943 tam
752 1878 951 1944 luculentum
989 1879 1153 1964 exemplar
1191 1877 1363 1962 admirata,

218 1983 311 2048 nulla
338 1987 375 2048 ut
403 1987 588 2068 temporum
617 1985 739 2051 oblivio
768 1987 974 2072 exstinguere
998 1985 1114 2051 talium
1139 1989 1171 2051 et
1194 1985 1363 2051 beneficio·

218 2111 290 2154 rum
319 2093 352 2154 et
379 2089 535 2156 virtutum
565 2091 789 2178 gratissimam
817 2093 1007 2157 memoriam
1030 2092 1143 2176 possit.
1188 2091 1278 2177 Ergo
1304 2089 1363 2157 Sn-

220 2212 407 2262 asurssmo
444 2197 617 2283 Paruo1v1‚
653 2203 731 2283 post
766 2199 915 2265 laborum
953 2203 986 2264 et
1023 2197 1171 2264 dolorum
1208 2198 1365 2283 plurimas

219 2323 389 2368 aerumnas
413 2306 596 2371 exantlatas
619 2327 704 2370 nunc
727 2305 853 2391 placide
876 2305 1100 2390 requiescenti,
1122 2308 1160 2369 ut
1182 2305 1363 2390 quaesitam

219 2409 342 2474 meritis
373 2412 511 2496 gloriam
540 2413 763 2479 recordatione
787 2411 1076 2478 observantissima
1098 2412 1363 2499 perpetuabimus

219 2515 426 2603 debitamque
453 2540 546 2583 rarae
572 2519 690 2605 pietati
717 2541 830 2604 pacem
860 2541 898 2584 ex
926 2519 1035 2583 animo
1060 2541 1284 2604 apprecamur,
1316 2519 1364 2584 ita

148 2699 153 2708 Ι
220 2621 428 2689 tristissimae
456 2625 599 2690 iacturae
627 2625 889 2692 efficacissimum
912 2625 1067 2693 solatium
1092 2647 1130 2690 ex
1153 2625 1238 2692 Elvs
1261 2626 1364 2692 Pam·

220 2748 309 2797 cuns
341 2732 543 2816 praestantia
575 2733 730 2820 patimus,
768 2755 862 2819 quem
896 2733 1052 2818 singulari
1085 2731 1227 2797 numinis
1260 2733 1364 2798 divini

219 2839 376 2904 beneficio
403 2839 522 2905 Inmvs
550 2839 616 2904 iam
645 2861 863 2904 successorem
890 2837 1085 2923 suspicimus
1107 2837 1267 2924 nobisque
1290 2861 1363 2906 oon·

220 2946 423 3029 gratulamur
444 2947 456 3030 ΙΙ
477 2945 600 3033 Regem
632 2945 910 3032 Angustissimum
944 2944 1240 3012 Clementissimum
1258 2945 1269 3028 ΙΙ
1286 2944 1364 3012 le-

220 3069 375 3118 annnvm.
397 3053 408 3138 ΙΙ
430 3050 530 3118 (iuius
558 3052 695 3117 candida
722 3052 801 3116 fides
829 3057 862 3117 at
889 3073 1046 3138 generosa
1074 3051 1266 3136 simplicitas
1290 3074 1363 3118 cum

220 3160 389 3244 praeclara
416 3159 518 3225 animi
548 3157 732 3224 constantia
762 3158 944 3244 agendique
974 3157 1146 3242 prudentia
1176 3159 1365 3226 consociata

221 3289 286 3353 qno
314 3267 463 3350 laetiora,
496 3270 532 3331 ut
559 3265 674 3329 ceteris
702 3265 850 3350 partibus
879 3266 961 3330 bene
990 3268 1023 3330 st
1049 3264 1226 3330 liberaliter
1249 3267 1365 3352 guber·

221 3376 318 3438 natae
348 3371 504 3456 civitatis,
537 3371 584 3436 ita
616 3372 736 3436 artium
766 3372 1010 3458 litterarumque
1041 3393 1113 3437 oum
1144 3371 1261 3437 studiis
1294 3377 1363 3437 tum

221 3478 398 3543 commodis
432 3478 555 3564 sperari
587 3478 713 3563 iubent,
747 3500 884 3562 quorum
912 3479 995 3544 Inna
1024 3477 1261 3544 moderatorem
1291 3502 1366 3545 eun·

221 3586 358 3669 demque
385 3584 524 3650 iudicem
552 3585 690 3651 adscivit
717 3585 1073 3670 intellegentissimum:
1107 3606 1145 3650 eo
1169 3585 1274 3671 magis
1297 3608 1366 3652 ves·

222 3697 309 3757 trum
339 3713 409 3755 esse
437 3691 567 3756 sentitis
595 3712 706 3776 preces
730 3695 763 3755 et
784 3695 863 3756 vota
887 3713 924 3755 ex
948 3689 1049 3756 animi
1073 3691 1237 3756 sententia
1259 3693 1364 3758 facere

222 3820 280 3882 pro
311 3797 415 3863 salute
445 3797 574 3863 Parsis
605 3797 777 3881 Pirama,
810 3797 861 3862 cui
892 3798 989 3864 Dnvs
1013 3797 1169 3864 Oevuvvs
1200 3797 1365 3866 Marruvs

221 3905 305 3970 faxit
332 3904 380 3970 uti
409 3905 573 3990 prosperis
601 3904 754 3988 auspiciis
783 3909 932 3989 suscepto
962 3904 1097 3989 imperio
1125 3903 1233 3969 felicia
1256 3905 1366 3970 fausta

221 4011 391 4075 fortunata
414 4033 559 4096 quaeque
583 4009 745 4094 eveniant,
772 4013 903 4093 praeter
925 4019 1032 4076 cetera
1055 4016 1163 4076 autam
1188 4011 1268 4075 illud
1291 4034 1366 4077 oon·

223 4114 335 4202 tingat
363 4116 458 4182 bonis
491 4117 641 4181 omnibus
670 4118 951 4200 exoptatissimum
983 4118 1366 4204 desideratissimumque‚

223 4228 259 4287 ut
286 4244 362 4288 mox
390 4223 509 4288 artiore
536 4245 634 4308 quam
661 4245 745 4288 nunc
774 4223 903 4290 vinculo
932 4246 1004 4289 cum
1026 4222 1194 4290 Borussici
1221 4225 1366 4290 nominis

223 4330 417 4395 auctoritate
440 4331 500 4395 flos
524 4330 691 4413 atrebat,
714 4329 818 4395 honos
841 4336 874 4394 et
896 4330 1052 4416 dignitas,
1081 4331 1169 4396 salus
1193 4333 1226 4394 et
1247 4330 1366 4397 incolu-

223 4436 319 4500 mitas
344 4434 537 4502 Germaniae
560 4436 730 4500 universae
754 4437 990 4501 contineantur.
1021 4436 1057 4513 Q.
1072 4436 1111 4502 D.
1126 4437 1163 4503 B.
1177 4435 1217 4504 V.
1240 4435 1367 4504 Valete.

315 4541 434 4607 Datum
459 4544 593 4610 Bonnae
616 4542 697 4608 Idib.
721 4541 789 4606 lan.
813 4566 840 4606 a.
866 4559 1090 4610 croroooonxr.
