3302 5076
325 409 391 472 646
707 423 942 472 nessnuscns
965 423 1091 470 annau.

326 566 520 651 dignitatem
540 567 591 631 vol
610 569 761 650 vestram,
785 565 960 648 auditores,
983 565 1258 649 exspectationem
1281 565 1347 630 ullo
1370 565 1467 630 modo

327 673 510 756 exaequari:
548 695 606 746 nec
634 678 684 738 est
712 672 799 738 enim
827 673 861 737 in
884 672 980 736 nobis
1003 672 1118 737 idonea
1141 672 1298 737 orationis
1322 671 1468 753 facultas,

326 800 387 844 neo
410 780 438 844 si
462 801 526 863 qua
549 783 647 863 esset,
678 801 793 863 parare
815 780 904 843 iusta
927 779 1161 844 sententiarum
1184 779 1308 844 lumina
1330 801 1387 863 per
1410 779 1470 843 otii

328 886 496 968 penuriam
524 885 683 951 licuisset:
716 888 826 951 tamen
854 886 895 950 ab
923 884 984 949 hec
1013 885 1142 971 quidem
1170 889 1277 970 perte,
1309 891 1345 951 ut
1368 886 1469 950 libere

328 993 440 1074 fatear,
462 991 612 1058 flmidum
636 1014 701 1056 una
723 992 818 1056 facile
842 992 1027 1057 consoletur
1046 991 1212 1077 cogitatio,
1235 992 1393 1076 imprimis
1412 991 1470 1056 illa

328 1099 478 1184 apposita
506 1122 588 1184 quae
618 1100 667 1163 vel
696 1099 802 1163 minue
830 1098 989 1164 instructo
1018 1098 1209 1164 abdicandi
1233 1103 1302 1164 arte
1327 1099 1469 1164 animum

329 1209 362 1270 et
391 1207 476 1270 vires
504 1206 615 1273 addat:
648 1206 832 1272 consoletur
860 1204 962 1289 ipsine
990 1205 1189 1290 argumenti,
1221 1206 1342 1291 inquo
1368 1227 1469 1271 verse·

330 1334 410 1394 mur,
434 1313 534 1378 insita
557 1313 755 1378 excellentia.
788 1313 861 1390 Qua
883 1333 1011 1396 sperare
1034 1311 1130 1375 liceat
1152 1314 1189 1375 nt
1207 1313 1377 1396 quantavis
1401 1297 1478 1377 ora-¹

329 1419 410 1483 toris
435 1419 640 1486 mediocritas
670 1420 800 1505 egregie
823 1424 1050 1504 compensetur
1074 1423 1106 1484 et
1129 1442 1149 1483 a
1171 1420 1343 1486 verborum
1366 1420 1472 1486 tenui-

330 1528 398 1589 tate
430 1526 469 1590 ad
503 1549 611 1592 rerum
643 1525 769 1611 pondus
802 1525 1000 1591 audientium
1033 1526 1219 1591 uoluntates
1252 1525 1471 1602 traducantur.

330 1631 398 1697 Nec
422 1634 528 1718 magis
552 1633 631 1698 illud
655 1633 802 1717 profecto
826 1631 1009 1712 verendum,
1032 1653 1073 1695 ne
1093 1633 1144 1696 vel
1163 1630 1315 1697 laudandi
1334 1633 1473 1698 materia

331 1762 483 1826 umquam
501 1740 688 1805 deliciamur
702 1739 758 1803 vel·
771 1759 886 1822 parum
900 1738 1068 1802 varietatis
1092 1759 1130 1803 ea
1151 1738 1296 1805 laudatio
1321 1738 1473 1805 habitura

331 1848 388 1932 sit,
422 1869 504 1932 qnae
527 1845 702 1931 quotannis
725 1865 835 1909 coram
858 1843 973 1908 iisdem
997 1844 1198 1909 auditoribus
1222 1845 1473 1930 redintegranda

332 1955 384 2019 sit.
430 1952 503 2018 Sive
528 1953 614 2018 enim
636 1952 764 2036 imperii
788 1951 955 2034 praeclare
980 1951 1065 2034 gesti
1089 1950 1224 2034 gloriam
1249 1953 1474 2037 persequimur

331 2060 449 2126 bellica
472 2063 592 2125 uirtute
615 2081 681 2124 uon
705 2059 812 2122 minus
837 2079 934 2141 qnam
958 2056 1059 2121 animi
1082 2059 1266 2123 constantia
1288 2063 1416 2142 partam
1440 2060 1473 2124 in

332 2167 466 2252 ipsaque
495 2165 659 2232 communi
682 2165 831 2248 Europae
859 2163 948 2228 clade
977 2164 1135 2248 imprimis
1164 2165 1385 2249 conspicuam:
1418 2187 1474 2231 seu

333 2278 516 2358 spectamus
536 2275 622 2339 vitae
642 2270 837 2338 domesticae
857 2270 1083 2353 innocentiam,
1097 2292 1223 2335 morum
1242 2271 1475 2357 integritatem,

332 2381 465 2465 pietatis
480 2402 546 2446 non
559 2380 688 2450 fucatae
704 2377 955 2462 simplicitatem,
973 2377 1198 2442 institutorum
1213 2379 1475 2444 sanctimoniam:

333 2488 401 2553 sive
428 2487 518 2570 pacis
551 2490 637 2552 artes
665 2485 912 2568 litterarumque
940 2483 1036 2548 decue
1064 2483 1136 2566 pari
1163 2484 1401 2550 munificentiae
1424 2509 1475 2551 aa·

333 2593 458 2678 pientia
481 2593 654 2658 adauctum
679 2591 948 2676 contemplamur:
982 2590 1055 2675 quis
1079 2593 1129 2654 est
1152 2612 1285 2675 quaeso,
1308 2592 1385 2675 quin
1408 2613 1475 2657 non

334 2705 462 2765 tantum
491 2699 637 2765 caritatis
665 2703 699 2764 et
726 2697 944 2764 venerationis
973 2719 1120 2762 caussam
1146 2699 1387 2782 gravissimam,
1420 2699 1476 2764 sed

335 2809 434 2873 etiam
467 2806 691 2874 inexhaustam
725 2804 851 2870 debitae
884 2804 990 2869 laudis
1023 2804 1193 2869 materiem
1220 2805 1475 2890 varietatemque

335 2917 517 2998 inuentam,
554 2912 782 2978 aemulationis
814 2915 923 2978 autem
961 2911 1255 2976 luculentissimum
1291 2912 1475 2996 exemplum

335 3022 538 3107 propositum
562 3042 633 3085 esse
656 3043 693 3084 ex
717 3018 817 3084 animi
842 3019 1004 3083 sententia
1027 3019 1240 3102 profiteatur?
1273 3018 1334 3085 Sed
1358 3024 1477 3105 tamen,

336 3129 416 3192 haec
439 3132 476 3192 ut
499 3126 634 3190 sintita
657 3125 706 3191 uti
729 3125 808 3208 dixi,
836 3123 939 3189 nihilo
964 3125 1071 3189 minus
1094 3123 1237 3189 difficilis
1260 3131 1311 3191 est
1333 3132 1477 3192 mortuo·

336 3257 408 3300 rum
435 3231 592 3317 laudatio,
619 3231 713 3316 idque
741 3253 806 3296 non
836 3252 932 3295 unam
957 3231 998 3295 ob
1023 3253 1180 3295 caussam.
1226 3231 1313 3296 Nam
1335 3233 1476 3316 primum

338 3343 615 3425 quantuscumque
639 3338 792 3422 splendor
815 3342 865 3402 est
888 3359 998 3402 earnm
1021 3359 1143 3420 rerum,
1170 3359 1250 3422 quas
1273 3339 1479 3404 recordemur

336 3445 588 3530 praeteritas,
616 3448 724 3509 tamen
753 3466 807 3508 cas
835 3444 925 3527 ipsas
953 3465 1019 3508 non
1048 3444 1172 3527 patitur
1193 3448 1311 3510 natura
1334 3445 1479 3512 humana

338 3553 510 3618 enitescere
535 3573 611 3636 prae
634 3551 872 3635 praesentibus,
900 3551 954 3615 sed
983 3551 1024 3615 ad
1053 3570 1163 3615 recens
1187 3555 1353 3634 gestorum
1377 3551 1478 3617 admi-

303 3659 497 3724 vratiouem
525 3659 672 3744 ingenito
700 3657 915 3722 invitamento
943 3657 1068 3740 rapitur
1096 3679 1134 3721 ex
1159 3678 1332 3741 eorumque
1356 3657 1479 3743 cogita·

339 3765 429 3829 tione
462 3766 668 3848 praecipuam
701 3763 786 3828 solet
817 3764 1017 3846 voluptatem
1051 3784 1172 3846 capere.
1223 3763 1315 3839 Quod
1349 3763 1479 3848 quidem

338 3871 411 3936 inde
431 3893 450 3934 a
469 3869 594 3936 Phemii
613 3868 780 3934 Homerici
799 3868 1048 3952 Telemacbiquc
1072 3869 1272 3953 temporibus
1296 3872 1478 3936 communis

339 4000 515 4044 consensus
538 3977 703 4060 probavit:

497 4141 555 4216 τὴν
578 4137 639 4214 γὰρ
662 4135 775 4215 ἀοιδὴν
799 4139 921 4213 μᾶλλον
944 4135 1132 4200 ἐπικλείους’
1155 4134 1332 4215 ἄνθρωποι,

498 4247 565 4324 ἥτις
588 4243 789 4309 ἀκουόντεεει
813 4243 956 4321 νεωτάτη
981 4243 1204 4322 ἀμφιπέληται.

339 4403 377 4470 Id
401 4408 509 4469 antem
537 4427 610 4469 cnm
638 4427 657 4467 a
680 4404 811 4469 vatibus
835 4403 995 4487 etpoetis
1025 4401 1201 4467 rectissime
1226 4401 1323 4466 etism
1347 4403 1387 4468 ed
1411 4425 1482 4468 ora·

340 4514 429 4574 tores
452 4510 678 4594 transferatur,
710 4509 804 4575 facile
833 4511 1034 4596 intellegitur
1058 4531 1155 4593 quam
1180 4509 1222 4574 sit
1244 4509 1387 4574 insuavis
1411 4510 1483 4575 eius
