3318 5072
324 419 389 484 560
610 435 682 483 nvo
707 435 969 482 procurramus
992 435 1175 482 curvares.

323 575 452 630 Ceterum
475 555 656 630 adciraeilv
782 581 833 629 256
851 575 995 643 pulchram
1014 575 1078 630 libri
1205 578 1257 628 267
1283 573 1382 628 Venere
1400 577 1468 645 post

266 673 285 696 r
322 663 405 718 Pium
422 665 605 719 Hermannns.
643 663 738 718 noceri
761 663 841 732 libri,
868 663 1020 718 toleratum
1043 681 1061 718 a
1079 661 1206 718 Bentleio
1225 661 1255 716 in
1273 662 1423 718 Heautout
1442 663 1464 732 I,

325 758 349 817 1,
360 758 424 807 110:
442 752 518 822 qnod
537 752 589 806 etsi
609 769 660 806 sna
677 751 799 821 quadam
814 751 975 806 defensione
994 767 1049 806 non
1068 753 1153 820 caret,
1172 753 1267 806 tamen
1284 751 1315 805 in
1332 767 1464 820 praesens

322 841 410 895 malui
436 840 631 911 perspicuitati
658 839 803 895 consulere
933 841 979 894 cui
1006 838 1109 894 CDPZ
1238 840 1339 904 sinti*

322 929 488 997 aphrodofia
505 929 548 984 Da
677 935 729 984 2⁶8
752 927 793 982 Et
811 928 922 997 quid-P
1037 929 1169 997 mutiunt
1191 927 1223 980 Pu
1259 929 1367 996 oratioe
1389 927 1464 997 libri,

322 1016 376 1071 nisi
395 1017 470 1085 quod
487 1017 616 1089 prompti
724 1033 785 1072 cam
809 1016 912 1071 ODFZ
1020 1021 1073 1070 259
1100 1031 1156 1070 nco
1179 1015 1365 1073 Gronoviaua
1397 1034 1465 1072 nam

322 1106 368 1160 sel
386 1105 426 1160 ne
443 1105 522 1174 libri,
545 1105 599 1160 nisi
617 1105 692 1174 quod
709 1122 750 1159 aa
769 1104 789 1158 C
908 1105 1010 1159 denari
1028 1105 1095 1158 codo
1113 1105 1177 1158 cirri
1194 1106 1293 1159 merab
1311 1105 1393 1160 Decet
1410 1106 1464 1161 Bo·

322 1195 406 1250 thius.
443 1197 515 1250 decet
537 1195 638 1250 denari
657 1193 733 1249 Cedo
755 1194 820 1249 uini
841 1193 947 1258 ueteris
964 1191 1036 1247 libri.
1075 1193 1143 1246 cudo
1165 1195 1265 1247 neuris
1283 1195 1346 1250 uini
1362 1195 1465 1250 ἀοηαή

324 1283 406 1338 Decet
428 1300 492 1339 cum
510 1281 605 1338 Reiaio
622 1282 798 1338 Hermannus
941 1287 1045 1350 2601q.
1082 1280 1159 1336 Duos
1180 1282 1322 1338 trimetros
1340 1285 1464 1354 praetuli

322 1371 485 1426 hexametro
503 1370 646 1426 liciniano.
682 1371 821 1426 Iambicos
838 1386 928 1440 nuper
946 1369 1088 1440 discripsit
1105 1369 1293 1427 Hermannus:

429 1496 494 1550 ram
511 1497 602 1550 laem
619 1511 659 1548 me
676 1495 749 1549 ceca
767 1495 835 1549 caco
853 1495 954 1550 aare
972 1477 1071 1551 eeiru
1088 1495 1172 1551 uses?

429 1584 485 1639 Dic
503 1586 577 1642 da're.
603 1584 675 1638 nibil
692 1581 856 1652 respondes?
885 1584 983 1652 linqua
1000 1585 1065 1638 huic
1083 1585 1199 1650 c‘acids't,
1217 1589 1249 1638 ut
1267 1587 1371 1654 opinor.

323 1709 390 1764 dure
407 1726 457 1779 pro
475 1710 540 1764 dori
558 1708 614 1762 iem
634 1707 727 1762 Densa
746 1707 827 1776 Expl.
845 1705 894 1776 IV,
914 1715 927 1762 1
1012 1714 1062 1762 261
1083 1709 1180 1778 linoae
1199 1724 1214 1762 e
1232 1708 1255 1762 B
1275 1708 1349 1764 emit
1366 1709 1464 1764 Came·

323 1797 424 1851 rarius:
444 1796 519 1865 quod
537 1798 632 1850 tamen
651 1796 811 1851 coniectura
828 1799 984 1866 repertum,
1012 1797 1061 1852 sed
1078 1799 1144 1867 post
1165 1798 1268 1852 cncidit
1286 1797 1465 1866 colloretum,

322 1883 380 1939 iarn
399 1885 463 1940 nld.
483 1885 603 1941 exhibet.
641 1901 695 1939 om.
720 1883 771 1939 OD
795 1902 858 1940 cum
883 1885 975 1954 spatio
993 1902 1095 1954 vacuo,
1122 1884 1181 1940 sine
1200 1885 1292 1954 spatio
1310 1885 1356 1940 ΕΖ

322 1973 434 2028 hsch
551 1979 603 2028 262
624 1973 699 2044 Quid
716 1972 747 2027 B.
779 1974 847 2042 qaid
864 1974 909 2027 bic
926 1973 1029 2042 reliqui
1149 1974 1269 2040 adstans
1281 1975 1305 2028 Ε
1419 1975 1464 2029 ob·

321 2065 444 2132 stipanti
462 2061 644 2118 Camerarius.
677 2063 828 2132 opstitaills'
846 2059 904 2119 BC.
936 2063 1086 2128 obstitailli
1104 2061 1156 2118 Da.
1202 2062 1341 2127 obticuilts'
1359 2060 1462 2131 DcPZ,

324 2150 462 2206 ‘nonnulli
480 2150 546 2206 libri
564 2149 688 2206 veteras'
709 2149 838 2206 Lambini
945 2152 1063 2220 opturba
1085 2167 1136 2220 pro
1154 2151 1206 2205 obt.
1226 2149 1275 2204 Bc
1355 2167 1388 2205 oc
1406 2155 1465 2204 tuoe

323 2239 505 2295 Camerarius.
543 2255 576 2294 oc
595 2244 649 2294 tate
667 2237 698 2293 B.
735 2243 822 2294 nante
839 2239 899 2295 cl).
937 2244 996 2294 tuce
1013 2239 1067 2294 ΡΖ.
1105 2241 1141 2296 ab
1159 2245 1217 2294 lnce
1235 2240 1370 2294 Gruterus

410 2419 500 2484 Haec
524 2422 600 2484 sunt
622 2433 704 2504 quae
733 2419 766 2483 in
789 2420 974 2504 praesentia
996 2419 1172 2504 praefanda
1194 2419 1344 2484 duximus
1367 2419 1465 2484 trala-

323 2527 419 2591 ticiae
444 2525 716 2592 commendationi
740 2525 946 2591 semestrium
965 2526 1158 2610 scholarum,
1183 2549 1318 2613 quarum
1337 2525 1464 2610 copiam

323 2633 540 2698 lautissimam
568 2631 603 2696 in
629 2630 676 2695 cis
705 2652 787 2715 quae
816 2632 980 2697 subiectae
1008 2637 1083 2698 sunt
1111 2633 1232 2699 tabulis
1255 2633 1348 2698 vobis
1376 2631 1466 2696 obla-

322 2744 392 2804 tam
415 2739 539 2804 videtis.
586 2736 710 2812 Quibus
742 2738 789 2802 ita
820 2738 963 2821 utimini,
994 2740 1031 2802 ut
1060 2739 1227 2822 impensae
1257 2761 1375 2824 operae
1405 2759 1465 2803 nec

325 2868 382 2910 vos
405 2867 464 2910 nec
487 2867 545 2908 nos
570 2845 744 2927 paeniteat.
781 2842 904 2909 Velete.

871 3163 913 3228 11.

464 3302 637 3370 SCAENA
662 3303 887 3371 PLAVTINA
909 3303 1103 3370 POENVLI
1127 3304 1221 3371 AOT.
1244 3305 1323 3392 sse)

272 3519 309 3560 111
411 3482 546 3548 Poenuli
575 3481 760 3566 Plautinae,
793 3505 888 3567 quam
918 3483 1062 3548 fabulam
1095 3505 1168 3568 spes
1199 3487 1248 3548 est
1277 3482 1463 3567 propediem

324 3587 537 3672 prodituram,
572 3589 703 3654 iuterim
733 3610 805 3655 eam
835 3590 929 3655 vobis
962 3612 1112 3655 scaenam
1144 3591 1369 3675 proponimus,
1402 3611 1467 3674 qua

324 3694 452 3758 fabulae
476 3697 567 3759 actus
590 3695 622 3760 Π
645 3696 745 3779 vulgo
769 3697 980 3763 concluditur.
1024 3697 1100 3762 Non
1123 3696 1214 3761 illam
1237 3696 1366 3782 quidem
1389 3695 1465 3759 ube-

322 3802 408 3867 riore
430 3801 677 3867 ratiocinatione
701 3806 898 3887 enarratam,
928 3802 983 3868 sed
1014 3803 1060 3868 ita
1083 3825 1154 3869 cum
1178 3825 1255 3868 cura
1278 3802 1466 3867 adnotatam

324 3913 369 3989 ut,
392 3931 464 3972 cum
488 3907 528 3973 ad
551 3911 680 3993 plenam
699 3910 965 3975 documentorum
983 3909 1136 3975 notitiam
1154 3908 1238 3974 nihil
1258 3907 1466 3990 desideretur,
1545 3943 1549 3952 ·

323 4020 357 4079 et
379 4014 491 4081 iudicii
513 4017 647 4081 acuendi
676 4019 709 4081 et
736 4017 904 4081 exercendi
927 4015 1051 4100 ingenii
1074 4015 1190 4081 idonea
1213 4016 1306 4081 vobis
1330 4014 1467 4080 materia

323 4123 358 4185 in
389 4125 541 4205 promptu
575 4122 626 4186 sit
672 4120 785 4185 Talem
817 4120 931 4206 igitur,
969 4122 1096 4205 qualem
1130 4120 1196 4186 fere
1229 4125 1285 4185 aut
1320 4143 1340 4184 a
1371 4123 1467 4204 poeta

323 4226 443 4294 factam
466 4231 524 4292 eut
546 4227 669 4310 aliquot
687 4231 764 4311 post
779 4227 874 4291 illum
894 4227 1032 4293 saeculis
1052 4229 1233 4294 lectitatum
1252 4227 1371 4311 purtim
1390 4225 1467 4292 libri

323 4337 484 4398 testantur
502 4333 621 4417 partim
640 4335 725 4399 ratio
745 4335 957 4419 commendat,
976 4335 1061 4399 inira
1080 4335 1234 4418 scriptam
1254 4333 1467 4400 exhibuimus.

396 4525 421 4592 *)
438 4525 628 4594 [Prooemium
641 4526 743 4582 indicis
757 4527 916 4582 scholarum
930 4528 1100 4584 aestivarum
1115 4527 1203 4582 Bonn.
1217 4525 1465 4598 caroluscum]
