3302 5076
595 453 830 503 nsrmmscnu
853 453 982 502 annau.
1293 435 1357 502 639

204 598 282 662 ¹tius
306 599 526 683 excipiebatur
549 599 650 682 erepti
674 597 750 662 huic
774 597 956 662 litterarum
983 596 1189 660 universitati
1212 596 1358 678 fautoris,

216 706 359 789 patroni,
383 707 634 788 conservatoris,
658 705 765 769 Liberi
789 702 928 769 Beronis
953 701 1087 768 Onnum
1117 701 1157 765 de
1180 700 1285 767 smn-
1315 703 1356 766 ab

216 811 410 876 Alteustein.
456 811 517 878 Oui
545 814 573 877 ri
601 834 667 877 non
693 812 768 896 plus
800 812 887 876 alma
909 811 1066 876 Rhenana
1093 831 1188 892 quam
1213 809 1357 893 reliquae

215 918 396 982 litterarum
426 918 517 984 sedes
542 919 666 1003 patriae
689 918 835 1001 deberet,
864 918 915 983 vel
939 918 985 982 sie
1008 916 1065 981 illa
1088 919 1139 981 sat
1162 915 1355 1000 locupletem

215 1025 350 1090 haberet
380 1026 513 1111 lugendi
545 1048 701 1090 caussam.
754 1024 882 1101 Quanto
915 1025 1016 1108 igitur
1047 1023 1218 1088 afflietiore
1249 1025 1356 1088 auimo

213 1153 272 1214 par
299 1131 363 1197 fuit
390 1153 461 1196 eam
489 1131 733 1196 universitatem
757 1153 856 1216 esse,
878 1152 960 1216 quae
990 1133 1102 1195 mutuo
1127 1131 1355 1195 beneficiemm

214 1241 247 1301 et
275 1239 409 1321 pietatis
437 1239 564 1302 vinculo
592 1240 660 1301 tam
691 1242 759 1301 arte
788 1259 861 1301 cum
889 1237 950 1302 Illo
979 1237 1219 1320 continebatur,
1251 1240 1288 1301 ut
1316 1259 1357 1300 ue
1434 1321 1439 1330 Ι

214 1344 412 1427 cogitatione
441 1343 571 1428 quidem
600 1343 709 1408 divelli
734 1343 901 1428 utriusque
924 1343 1056 1408 nomina
1079 1343 1229 1427 possint?
1275 1343 1356 1418 Qua-

213 1451 277 1514 lem
310 1451 396 1516 enim
429 1451 741 1516 Munehbausenium
779 1473 872 1516 suum
905 1450 991 1514 alma
1024 1448 1165 1532 Georgia
1197 1448 1356 1534 Augusta,
1422 1449 1426 1456 ’

213 1557 314 1622 talem
346 1556 524 1623 Fridericia
558 1555 733 1621 Guilelmia
765 1555 923 1622 Rhenaua
954 1557 1023 1620 iure
1056 1555 1236 1640 meritoque
1270 1557 1357 1641 colit,

213 1667 393 1744 teneratur,
411 1663 591 1729 admiratur
605 1661 869 1746 Altensteinium,
883 1662 998 1727 Virum
1018 1663 1052 1726 in
1070 1662 1182 1746 paucis
1201 1684 1355 1750 maguum

210 1775 244 1834 et
276 1776 314 1834 ut
345 1771 445 1835 libere
478 1769 583 1835 dicam
612 1769 756 1835 unicum:
789 1770 879 1835 cuiue
913 1791 1006 1834 rarae
1044 1769 1180 1833 virtutes
1214 1773 1247 1833 et
1281 1769 1355 1834 iaci-

210 1899 292 1940 uora
320 1898 452 1959 prorsus
480 1876 596 1942 eximia
625 1899 698 1942 cum
726 1899 791 1940 nou
815 1875 855 1938 ad
879 1874 1069 1940 Berussicas
1092 1878 1220 1939 tantum
1242 1881 1355 1960 terras,

212 1982 267 2046 sed
305 1984 344 2047 ad
382 1981 591 2046 Germaniam
627 1982 811 2046 universam
838 1981 1035 2064 pertineant,
1066 1984 1176 2046 tamen
1209 1982 1356 2067 gratiora

215 2110 311 2170 quam
334 2092 447 2154 nostra
471 2092 602 2171 pectora
625 2089 679 2151 rix
702 2109 839 2171 usquam
863 2086 926 2150 sibi
946 2085 1154 2150 devinxerint.
1185 2086 1271 2152 Nam
1295 2090 1355 2154 etsi

212 2194 368 2277 primaria
396 2217 472 2259 eane
500 2195 570 2259 laus
599 2193 748 2257 conditae
771 2191 866 2256 huius
890 2191 1056 2256 Musarum
1085 2193 1169 2257 sedis
1198 2211 1233 2258 ul
1262 2194 1354 2259 debe-

215 2303 280 2382 tur,
314 2322 333 2364 a
365 2301 455 2365 cuius
489 2301 623 2364 summis
656 2299 809 2384 auspiciis
842 2303 971 2382 cuncta,
1004 2299 1120 2384 quibus
1150 2322 1208 2383 per
1238 2323 1354 2367 novem

215 2404 316 2468 ferme
345 2407 449 2470 lustra
477 2406 642 2470 cumulata
669 2406 778 2490 patria
805 2403 961 2486 efflemit,
995 2405 1150 2470 beneficia
1182 2407 1356 2492 repetenda

213 2515 298 2596 sunt,
322 2511 563 2596 Angustissime
587 2512 926 2596 desideratissimoque
949 2512 1165 2578 Beruesorum
1181 2513 1264 2600 Regi
1287 2516 1356 2580 vita

213 2639 298 2682 nuuc
322 2618 487 2683 defuncto:
524 2623 633 2684 tamen
660 2622 829 2702 tamquam
857 2618 995 2683 alterum
1019 2620 1219 2685 conditorem
1243 2624 1276 2685 et
1299 2644 1353 2706 pa·
1369 2647 1401 2686 rv
1504 2665 1505 2674 i

214 2728 338 2788 rentem
362 2725 524 2808 suspicere
547 2746 620 2788 eum
644 2723 695 2790 ias
719 2730 783 2809 est,
815 2726 905 2790 euius
930 2726 1177 2808 sapientissimis
1201 2729 1354 2812 consiliis,

214 2853 313 2915 opera
335 2831 510 2916 indefessa,
541 2831 685 2916 ingenua
713 2832 908 2896 liberalitate
931 2855 969 2897 ae
992 2832 1104 2898 favore
1126 2836 1221 2918 plane
1244 2835 1354 2919 singu·

213 2937 273 3000 lari
304 2939 393 3002 iussa
419 2937 523 3023 Regia
554 2943 587 3003 et
617 2939 731 3003 effecta
760 2944 836 3004 suut
866 2938 946 3004 olim
976 2946 1009 3006 et
1039 2963 1098 3024 per
1128 2941 1355 3027 longissimum

214 3043 362 3128 idemque
393 3044 616 3110 felicissimum
646 3046 803 3129 temporis
834 3047 977 3131 spatium
1005 3052 1135 3113 strenue
1164 3051 1355 3112 sustentata.

213 3150 302 3226 Quae
326 3150 427 3215 animi
450 3172 546 3216 seusa
568 3174 642 3217 cum
665 3154 810 3217 omnium
835 3158 942 3218 essent
965 3156 1161 3239 communia,
1189 3155 1265 3239 quid
1289 3177 1355 3219 ma·

213 3258 263 3342 gis
298 3261 426 3342 poterat
457 3264 710 3324 cousentaneum
743 3281 827 3344 esse,
865 3283 962 3346 quam
994 3261 1079 3346 quod
1116 3263 1249 3346 publica
1283 3237 1355 3326 cuin

214 3366 372 3431 maeroris
401 3369 470 3430 tum
499 3366 679 3450 gratiarum
708 3366 936 3432 testificatione
959 3368 1117 3452 praeclari
1140 3368 1212 3433 Viri
1236 3389 1354 3432 merno-
1404 3361 1405 3365 ’

213 3471 296 3536 riam
328 3473 485 3538 celebrari
500 3503 501 3506 ¹
515 3472 711 3538 Academiae
739 3473 860 3539 Rector
892 3479 925 3538 et
955 3473 1093 3540 Senatus
1125 3474 1355 3541 decreverunt?

214 3575 414 3662 llxstititque
442 3579 512 3643 siue
541 3600 634 3644 mora
656 3583 828 3665 promptus
853 3581 893 3648 ad
916 3581 1074 3647 orandum
1098 3582 1277 3648 communis
1301 3582 1354 3650 do—

213 3682 293 3747 loris
316 3683 485 3768 interpres,
509 3686 599 3750 euius
623 3686 775 3751 facundia
797 3686 938 3753 dubitari
962 3689 1076 3774 nequit
1095 3689 1173 3774 quin
1191 3689 1356 3774 publicam

214 3790 489 3874 exspectationem
512 3815 578 3857 non
602 3796 774 3877 aequasset
797 3793 852 3858 sed
877 3799 1075 3880 superasset:
1113 3795 1354 3862 indicendorum

212 3900 322 3960 autem
342 3897 547 3963 sollemnium
566 3898 750 3964 funebrium
771 3921 887 3966 munus
906 3903 1092 3968 mandatum
1114 3908 1163 3968 est
1181 3903 1355 3988 professori

214 4002 432 4092 eloquentiae,
464 4006 519 4091 qui
550 4006 714 4072 tralaticio
748 4029 836 4072 more
865 4007 1049 4075 academico
1078 4011 1184 4074 locum
1213 4010 1354 4094 aliquem

213 4199 279 4264 post
309 4198 439 4252 acerbam
467 4199 586 4252 mortem
611 4201 615 4266 1
640 4215 695 4253 nou
718 4201 861 4269 periturae
883 4201 1075 4256 testimouium
1091 4201 1097 4269 Ι
1113 4202 1220 4256 exstare
1240 4201 1352 4272 voluitl

214 4286 406 4342 universitatis
425 4288 582 4342 litterarum
599 4289 603 4356 Ι
623 4287 792 4343 Fridsriciae
811 4287 978 4344 Guilelmiae
996 4291 1147 4345 Rheuauae
1164 4293 1167 4358 Ι
1183 4290 1283 4360 pietas.
1297 4291 1308 4364 l
1321 4323 1354 4331 -

213 4373 288 4430 inest
311 4373 445 4430 Friderici
469 4375 617 4430 ltitscbelii
642 4375 696 4431 litt.
720 4377 806 4446 antiq.
831 4380 861 4431 et
883 4377 954 4447 eloq.
978 4377 1048 4448 pret.
1068 4395 1094 4447 p.
1114 4395 1136 4433 o·
1157 4378 1354 4447 {corollarium

213 4461 411 4533 disputationis
435 4464 470 4521 de
494 4463 673 4519 bibliothecis
692 4464 887 4520 Alexandrinis
911 4466 1001 4534 deque
1020 4465 1160 4522 Pisistrati
1181 4470 1186 4536 Ι
1206 4468 1279 4521 euris
1300 4469 1354 4524 lio-

212 4553 330 4608 mericis.
350 4553 427 4624 [vide
447 4555 549 4623 Opuse.
567 4553 581 4606 I
599 4571 626 4623 p.
647 4554 710 4624 ¹23]
727 4556 732 4623 l
748 4553 855 4608 editum
873 4555 986 4610 Bonnae
1004 4571 1029 4610 a.
1048 4561 1283 4628 urornceoxxxx.)
