3306 5070
288 396 351 460 718
522 409 754 459 nsrnrurscua
780 397 999 477 nuscuntur,
1023 409 1216 474 conusens,

287 575 358 617 mus
382 555 429 618 ita
451 575 510 620 nos
535 553 681 638 defungi,
711 557 836 618 utnon
858 557 971 618 nostra
998 552 1179 618 elocutione
1203 554 1344 627 utamur,
1374 549 1429 614 sed

287 660 383 724 fidem
411 660 583 725 verborum
611 661 652 725 ab
680 659 761 743 ipsis
790 659 958 724 ordinibus
990 659 1023 722 in
1051 657 1181 722 chartas
1212 657 1429 722 coniectorum

287 765 503 850 servemus.*)

424 1030 461 1118 li)
487 1031 541 1096 Im
564 1031 805 1097 Prooemium
830 1032 894 1096 des
919 1029 1181 1096 Sommersem.
1207 1030 1292 1094 1845

613 1170 666 1258 (de
690 1173 833 1238 tabernis
857 1173 921 1238 fori
944 1172 1107 1257 Romani).

378 1314 441 1380 Sed
466 1316 545 1380 satis
569 1315 690 1380 dictum
716 1320 784 1381 esto
808 1315 847 1380 dc
870 1315 1016 1380 tabernis
1040 1315 1247 1399 opsoniisque
1271 1335 1430 1399 quae-ro-

287 1423 348 1504 bis,
371 1421 623 1504 commilitones,
651 1424 820 1506 tamquam
850 1421 994 1506 aliquam
1023 1420 1254 1505 promulsidem
1280 1419 1430 1503 apposui-

288 1551 359 1593 rnus
384 1529 451 1592 eius
475 1549 587 1611 cenae,
610 1550 708 1612 quam
730 1527 879 1613 proximo
904 1528 1084 1593 studiorum
1112 1527 1219 1592 cursui
1249 1530 1429 1590 vestrorum

288 1639 437 1719 paratam
461 1633 648 1717 conspicitis
672 1635 895 1700 lautissimam.
931 1632 1071 1699 Ecuius
1090 1635 1253 1698 luculenta
1274 1633 1431 1698 verietate

288 1742 459 1807 hortamur
486 1744 522 1804 ut
549 1741 620 1824 pari
647 1741 769 1805 fervori
796 1739 968 1824 prudentia
995 1741 1147 1824 deligatis
1171 1743 1326 1825 quantum
1351 1738 1431 1804 satis

288 1848 340 1930 sit,
363 1847 425 1912 hoc
448 1851 579 1912 estnec
603 1869 718 1932 parum
741 1869 800 1912 nec
823 1848 971 1912 nimium:
995 1847 1122 1932 quando
1146 1852 1179 1912 et
1201 1853 1245 1911 eet
1266 1847 1374 1911 modus
1395 1847 1431 1909 in

288 1954 378 2020 rebus
401 1957 434 2018 et
456 1955 558 2018 πλέον
581 1954 672 2033 ἦμιευ
695 1953 816 2017 παντός
839 1954 965 2037 pridem
988 1957 1134 2017 veterum
1158 1953 1317 2037 sapientia
1340 1973 1431 2035 prae-

289 2060 383 2143 cepit.
429 2059 554 2124 Valete.

422 2309 448 2393 i)
471 2307 525 2372 Im
548 2307 790 2373 Prooemium
814 2309 879 2373 des
903 2307 1146 2374 Wintersem.
1173 2309 1297 2394 1845j6

622 2447 674 2536 (de
697 2449 853 2515 Varronis
877 2449 1099 2537 logistoricis).

378 2591 501 2658 Verum
525 2592 605 2656 satis
629 2591 751 2657 dictum
775 2594 845 2656 esto
869 2591 907 2656 de
926 2590 1073 2656 Varrone
1096 2591 1240 2657 liberalis
1264 2591 1432 2658 salutaris-

289 2721 350 2784 que
382 2698 545 2762 doctrinae
578 2698 662 2762 inter
685 2697 851 2763 Romanos
885 2719 1010 2763 summo
1043 2699 1165 2762 lumine
1198 2703 1231 2763 et
1262 2698 1431 2762 columine.

289 2803 388 2870 Cuius
416 2825 490 2868 oum
520 2805 612 2869 vobis
636 2805 818 2888 exemplum
842 2807 1054 2890 proponimus
1078 2805 1164 2890 quod
1186 2805 1377 2870 intueamini
1400 2808 1433 2867 et

288 2933 347 2997 pro
371 2911 460 2976 virili
482 2914 576 2994 parte
600 2912 821 2995 aemulemini,
848 2933 915 2977 non
943 2912 1134 2977 eruditionis
1163 2912 1272 2996 potius
1301 2911 1428 2975 laudem

289 3018 481 3102 cogitamus,
506 3039 588 3102 quae
611 3019 646 3082 in
669 3018 728 3083 illo
751 3021 846 3082 tenta
867 3016 932 3081 fuit
955 3020 991 3081 ut
1012 3038 1079 3082 non
1102 3019 1208 3102 possit
1225 3019 1289 3082 nisi
1308 3018 1432 3102 paucis-

288 3125 388 3188 simos
417 3123 467 3189 sui
495 3124 616 3188 similes
644 3123 777 3206 habere,
805 3145 904 3207 quam
931 3123 1051 3188 indolis
1080 3123 1286 3190 honestatem
1309 3127 1432 3209 specta·

290 3253 361 3296 mus
384 3230 525 3316 bonique
548 3237 582 3296 et
605 3232 666 3296 viri
691 3235 723 3296 et
747 3231 827 3296 civis
850 3231 970 3296 officia:
993 3252 1075 3315 quae
1098 3230 1154 3296 ille
1173 3231 1271 3316 longe
1289 3231 1432 3296 luculen-

288 3337 417 3403 tissimo
439 3338 632 3403 documento
657 3359 714 3421 per
737 3338 925 3403 diuturnum
949 3339 1034 3402 ritae
1058 3338 1199 3423 spatium
1223 3359 1261 3403 eo
1285 3359 1431 3422 compro·

290 3445 388 3528 bavit,
412 3444 498 3528 quod
522 3444 562 3508 ab
586 3444 787 3510 umbraticae
811 3444 967 3528 gloriolae
989 3445 1136 3510 vanitate
1156 3444 1371 3510 alienissimus
1391 3445 1432 3509 ad

290 3551 415 3634 patriae
439 3550 578 3616 salutem
602 3551 858 3617 conservandam
881 3551 1190 3636 instaurandumque
1213 3550 1352 3617 Romani
1375 3574 1432 3617 no·

378 3795 403 3866 ‘)
424 3796 492 3868 [Der
516 3795 666 3850 officiellen
684 3795 867 3868 Mittheilung
890 3797 940 3851 der
958 3813 1049 3851 neuen
1067 3797 1289 3868 Preisaui'gabsn
1306 3797 1363 3852 und
1382 3797 1432 3852 der

291 3887 354 3954 Art,
376 3885 407 3940 in
429 3885 479 3940 der
501 3884 545 3940 die
572 3884 747 3955 Beworbung
773 3884 969 3940 stattaufinden
991 3885 1078 3952 habe,
1101 3885 1204 3956 pilegtc
1228 3885 1336 3941 Ititschl
1358 3887 1432 3941 noch

289 3975 343 4030 den
366 3972 563 4044 perstnlichen
587 3972 701 4028 Schloss
725 3973 942 4043 hmauaufr'tgen:
976 3973 1095 4029 ‘Laudis
1120 3973 1271 4044 patiendae
1301 3991 1430 4045 campum

290 4063 495 4134 amplissimum
515 4061 593 4117 robis
612 4063 741 4132 apertum
760 4061 934 4132 intellegitis,
954 4061 1167 4120 commilitones.
1205 4065 1267 4118 Huc
1285 4063 1372 4134 igitur
1390 4063 1431 4118 la·

289 4153 344 4208 cite
368 4151 535 4220 consoletis,
560 4151 671 4206 naviter
693 4151 728 4206 de
752 4153 905 4222 propositis
927 4152 1060 4223 praemiis
1078 4153 1227 4208 decertetis
1246 4153 1431 4222 victricesque

289 4241 398 4312 palmae
417 4257 433 4294 e
451 4239 627 4296 nobilissimo
642 4239 794 4296 certamine
805 4241 965 4310 reportetis.
986 4241 1098 4297 Valete'
1119 4241 1187 4297 oder
1201 4241 1286 4295 auch:
1308 4239 1431 4295 ‘laudem

289 4329 376 4402 igitur
399 4329 483 4385 facite
506 4345 540 4384 ex
563 4328 705 4384 uberrima
728 4328 890 4399 disputandi
909 4331 1028 4384 materia
1045 4331 1198 4399 quaeratis:
1228 4345 1284 4397 qna
1303 4333 1432 4399 portast

289 4419 319 4472 in
342 4435 391 4472 vos
415 4418 546 4482 utilitatis
569 4419 598 4473 et
620 4418 649 4470 in
672 4419 783 4472 nosmet
801 4418 954 4486 voluptatis
973 4416 1124 4488 largissimi
1143 4417 1248 4471 fructus
1266 4416 1430 4474 redundent.

289 4506 410 4561 Valete.’
450 4507 479 4559 C.
499 4506 556 4576 W.]
