3306 5070
316 402 379 470 ‘122
539 420 774 473 nnrnnuscnn
799 408 1017 492 insensiles,
1038 421 1229 492 mnussnn,

455 654 490 741 u)
513 655 567 722 Im
589 655 832 722 Prooemium
854 656 919 722 dos
942 654 1206 722 Sommersem.
1231 656 1318 722 1860

597 795 754 885 (elogium
777 797 811 864 L.
835 797 966 864 Corneli
990 797 1173 884 Scipionis).

401 938 557 1025 Superest
578 947 616 1008 ut
637 963 737 1008 onnus
756 943 848 1025 proti
869 941 980 1024 mpinti
1001 961 1149 1024 nwprrom
1170 943 1357 1024 summatem
1379 942 1456 1007 mul-

315 1053 421 1129 tosque
440 1050 583 1127 oimuoes,
611 1051 685 1113 utut
707 1049 926 1132 incompertus
954 1049 1064 1132 nobis,
1092 1049 1184 1114 vobis
1209 1047 1276 1114 ceri
1300 1049 1456 1114 commili·
1508 1091 1514 1100 ·

313 1155 409 1218 tenes
432 1155 692 1221 commendemus
715 1177 774 1240 pro
794 1153 880 1219 virili
902 1157 996 1238 purte
1020 1153 1237 1238 aemulandos,
1261 1154 1316 1218 sed
1336 1177 1390 1219 ens
1414 1155 1456 1220 eb

313 1261 424 1325 aetam
441 1263 599 1342 parvitate
621 1283 718 1346 quam
741 1261 882 1326 maxime
906 1261 1076 1328 seiunctus.
1122 1259 1249 1326 Velete.

805 1458 965 1468 ——-

450 1579 483 1668 v)
506 1581 560 1646 Im
584 1581 828 1648 Prooemium
852 1581 917 1646 des
942 1581 1206 1647 Sommersem.
1232 1582 1317 1647 1862

636 1722 812 1810 (canticum
836 1723 948 1808 Oedipi
972 1721 1132 1810 (dolensi).

406 1865 452 1931 Et
479 1845 517 1931 de
546 1863 704 1951 Sophocle
732 1866 861 1952 quidem
888 1866 968 1932 haec
995 1865 1166 1932 hactenus:
1198 1888 1293 1951 quem
1317 1887 1454 1931 memen-

316 1975 385 2037 tote
408 1974 615 2053 cmppouivnc
644 1977 739 2058 etque
768 1973 915 2046 εὐκολία(
937 1974 972 2038 in
996 1973 1110 2057 quovis
1134 1994 1251 2058 genere
1274 1972 1455 2056 exemplum

312 2083 347 2144 et
378 2079 570 2144 admirabile
604 2084 637 2144 et
668 2102 801 2164 prorsus
833 2081 973 2147 amabile
1006 2083 1132 2144 exstare
1163 2079 1455 2165 dignissimumque

312 2186 396 2269 quod
415 2187 449 2252 in
469 2209 527 2252 suo
548 2187 684 2273 quisque
703 2208 821 2272 genere
840 2188 1042 2252 aemulemur
1059 2209 1131 2251 cum
1147 2185 1329 2251 honestetis
1348 2185 1456 2251 fructu

313 2293 487 2357 uberrimo.
520 2294 613 2370 Quod
634 2296 789 2378 superest,
813 2293 996 2358 scholarum
1019 2292 1106 2357 infru
1124 2293 1305 2378 positarum
1328 2293 1455 2377 copiam

315 2403 412 2482 utque
436 2399 627 2466 varietatem
653 2400 830 2465 consolitse
849 2398 1028 2464 industriae
1047 2401 1175 2463 vestrae
1194 2397 1455 2464 commendemus

312 2505 417 2590 adque
437 2528 475 2570 ee
495 2529 551 2571 vos
571 2505 687 2590 studia,
708 2528 789 2592 quse
808 2507 907 2570 eeteti
927 2509 1052 2570 vestrae
1071 2505 1232 2588 imprimis
1251 2505 1456 2589 conveniunt,

312 2635 351 2677 ex
384 2613 491 2678 officio
524 2612 746 2697 cohortemur,
779 2635 843 2698 quo
874 2613 966 2678 vobis
996 2612 1213 2678 humanitatis
1243 2611 1456 2697 praeceptrix,

311 2741 376 2784 non
395 2720 576 2803 corruptrix
595 2719 676 2784 haec
696 2721 763 2784 vita
782 2719 966 2785 academico
984 2717 1101 2784 evadet
1118 2741 1199 2783 neve
1222 2720 1257 2784 in
1277 2719 1454 2784 nlienurum

311 2827 554 2890 contentionum
578 2826 803 2910 intemperiem
828 2829 925 2910 atque
949 2825 1170 2900 acerbitatem,
1184 2825 1381 2909 optimorum
1405 2847 1455 2890 er·

310 2931 393 2996 tium
416 2932 550 2998 dulcedo
574 2935 608 2996 et
629 2931 848 3017 tranquillitas
871 2933 986 2997 vertet.
1031 2930 1156 2996 Velete.

802 3127 962 3138 —u———nan

339 3335 344 3346 ¹
427 3251 469 3337 w)
493 3251 547 3318 lm
572 3252 814 3318 Prooemium
837 3251 902 3318 des
926 3251 1169 3317 Wintersem.
1195 3251 1343 3336 1862s63

617 3395 756 3481 (priscae
779 3397 835 3460 lat
858 3397 960 3482 epigr.
983 3395 1088 3480 suppl.
1112 3390 1152 3477 Ι).

402 3537 504 3603 Novis
528 3537 681 3624 exemplis
705 3539 896 3624 quibusdam
919 3537 1146 3622 perspexistis,
1176 3535 1262 3600 cives
1286 3537 1456 3619 carissimi,

314 3643 485 3708 veritatem
510 3641 635 3709 Solonii
663 3645 765 3729 illius,
798 3667 861 3729 quo
890 3647 922 3708 et
951 3648 1052 3708 semet
1080 3641 1294 3726 profitebatur
1317 3649 1351 3707 et
1373 3643 1454 3708 elios

312 3750 518 3834 significabat
540 3750 709 3831 γηράεκειν
732 3752 793 3816 αἰεὶ
817 3751 924 3816 πολλὰ
947 3753 1201 3830 διδαεκομένᾳυε.
1230 3749 1322 3826 Quod
1345 3753 1454 3814 temen

312 3857 460 3922 oblivisci
483 3857 584 3922 nolite
607 3858 653 3923 itu
675 3861 802 3923 tentum
826 3879 938 3922 verum
962 3879 1042 3940 esse,
1066 3857 1094 3920 si
1112 3854 1304 3936 ἡβάεκοντε(
1324 3856 1373 3919 vel
1392 3856 1455 3920 sul-

309 3964 376 4026 tem
404 3964 545 4042 ἡβῶντε(
574 3965 773 4048 coeperimus
806 3986 872 4028 non
901 3964 1007 4030 solum
1035 3963 1171 4046 discere,
1204 3963 1259 4027 sed
1288 3963 1454 4027 doctrinae

309 4069 413 4133 solide
435 4071 645 4136 fundamenta
675 4071 788 4135 iacere.
833 4070 871 4135 In
900 4092 964 4154 que
993 4069 1200 4134 contentione
1224 4067 1455 4133 honestissima

312 4175 339 4238 si
374 4176 451 4258 quid
484 4199 541 4242 vos
574 4178 726 4242 adiuvare
759 4199 797 4240 ee
824 4176 1028 4241 institutione
1055 4175 1249 4260 poterimus,
1281 4175 1372 4240 cuius
1404 4179 1456 4240 set

314 4282 407 4345 varin
436 4283 652 4347 instrumenta
679 4282 764 4347 infre
791 4282 961 4367 preposite
986 4281 1118 4364 videtis,
1149 4284 1182 4344 et
1204 4284 1315 4346 vestre.
1342 4303 1457 4346 caussa

309 4391 341 4450 et
362 4393 476 4452 nostre
498 4389 720 4473 gaudebimus.
767 4387 892 4454 Velete.
