3318 5072
288 355 351 419 508
576 371 841 420 raouuoonsnn
865 371 912 416 na
937 369 1147 419 uarronrnvs

288 513 468 578 Fatendum
497 515 546 577 est
573 517 683 577 tamen
713 513 799 578 ultra
828 533 1036 599 progressam
1064 535 1134 578 esse
1160 514 1240 578 artis
1264 513 1433 599 indulgeu-

287 621 368 685 tiam
396 623 429 684 et
457 619 625 704 aliquanto
656 621 728 704 plus
757 621 920 686 libertatis
949 621 1084 685 senariis
1112 643 1210 706 quarn
1239 621 1432 706 septenariis

287 727 322 792 in
345 749 479 793 cassura
507 727 575 793 sive
598 729 800 814 neglegenda
823 729 892 793 sive
916 729 1117 795 obscuranda
1140 727 1346 796 concessisse.
1393 727 1431 792 In

288 839 467 901 extremam
495 836 624 920 quidem
654 836 818 902 licentiam
842 837 995 921 nulloque
1019 857 1151 921 prorsus
1175 838 1432 920 temperamento

287 941 423 1008 lenitam
446 965 485 1007 ea
508 942 643 1008 libertas
666 944 698 1007 in
722 947 838 1008 neutro
864 964 980 1028 genere
999 943 1111 1008 vertit:
1134 963 1201 1008 non
1221 941 1327 1026 magis
1347 943 1433 1006 enim

288 1071 384 1135 quam
409 1049 510 1114 talem
534 1049 752 1132 septenarium
886 1041 888 1046 ’

129 1211 286 1252 oouxxrrv
376 1189 449 1257 Neu
482 1191 537 1276 qui
569 1214 637 1257 rern
670 1192 776 1276 ipsam
808 1194 920 1275 posset
949 1192 1187 1276 demonstrdre,
1220 1192 1432 1257 thensaurum

1140 1305 1246 1383 tuum,

288 1439 409 1506 similes
440 1464 592 1526 umquam
623 1442 767 1509 senarios
801 1463 854 1508 ars
887 1442 1054 1527 toleravit,
1087 1442 1199 1528 quales
1231 1442 1333 1509 futuri
1366 1443 1433 1507 sint

288 1547 343 1631 qui
366 1547 508 1614 librariis
532 1549 700 1633 debentur,
723 1571 788 1614 non
812 1554 939 1633 poetae:

378 1691 424 1756 At
447 1695 484 1756 dt
506 1691 704 1757 confidente‘r
728 1689 807 1758 mihi
831 1695 945 1757 eontra
969 1691 1089 1756 astitit:

377 1795 500 1863 Erilem
525 1798 625 1863 filiam
649 1802 795 1864 nostram
820 1799 1006 1864 sustdllere:

378 1906 541 1982 Quoniam
564 1928 598 1970 re
622 1905 702 1970 bene
727 1905 862 1992 gestd*)
886 1905 1007 1970 redisse
1031 1907 1083 1970 me'
1106 1905 1231 1972 uident:

288 2047 396 2132 (Oapt.
419 2047 479 2134 ΙΙΙ,
502 2051 533 2133 5,
555 2050 584 2113 6.
623 2048 701 2115 cist.
724 2047 766 2132 ll,
789 2048 820 2131 3,
839 2049 868 2113 8.
901 2046 1003 2114 Stichi
1028 2047 1217 2132 111‚1,10).
1248 2047 1336 2124 Quos
1359 2068 1431 2111 cum

289 2154 340 2217 vel
364 2175 465 2237 prava
488 2153 678 2238 oxytonesis
702 2153 842 2238 damnet,
867 2153 964 2218 etiam
990 2153 1059 2217 sine
1083 2159 1233 2218 accentus
1257 2153 1432 2220 offensione

289 2263 398 2326 tamen
422 2259 558 2334 vitiosus
583 2263 653 2325 erat
677 2258 875 2325 Bacchidum
899 2281 1011 2324 versus
1036 2259 1218 2342 225[25'l]:

378 2401 522 2478 Quamne
546 2385 832 2468 ilrclridemidem?
878 2402 982 2479 Quam
1007 2401 1139 2487 inquam
1163 2401 1433 2485 Archidemidem,

289 2543 467 2608 rectissime
495 2544 523 2609 is
552 2545 592 2609 ab
617 2545 805 2610 Hermanno
834 2546 1043 2610 emaculatus.
1088 2545 1209 2610 Verum
1239 2545 1300 2610 hoc
1323 2549 1431 2610 tamen

288 2651 374 2715 inter
407 2651 552 2716 senarios
585 2654 850 2736 septenariusque
884 2652 1033 2735 interest,
1066 2649 1167 2737 quod,
1200 2674 1273 2717 oum
1303 2653 1337 2716 in
1367 2651 1433 2715 illis

289 2758 484 2824 sententiam
508 2759 688 2841 terminans
711 2781 774 2823 vox
798 2759 1026 2842 monosyllaba
1049 2759 1231 2842 proximum
1256 2761 1332 2843 post
1355 2757 1432 2843 legi·

288 2867 404 2930 limam
427 2889 594 2932 caesuram
615 2867 723 2932 locum
747 2887 904 2950 occupare
926 2869 1099 2950 propterea
1121 2869 1232 2949 posset
1254 2863 1339 2949 quod
1359 2885 1433 2929 eum

288 2973 395 3057 ipsum
420 2974 453 3039 in
477 2973 585 3040 locum
608 2973 731 3038 vicaria
753 2993 886 3038 mesura
908 2972 1032 3055 incidit,
1056 2995 1081 3038 e.
1105 2995 1130 3036 o.

379 3089 455 3181 Scin
483 3121 519 3181 tu
547 3116 640 3182 illum
669 3137 732 3200 quo
761 3116 877 3199 genere
906 3119 1024 3202 gnatus
1054 3113 1120 3179 sit?
1167 3113 1255 3198 Seio,
1286 3113 1433 3198 adprime

1141 3221 1254 3305 probo,

289 3363 491 3428 consimilem
515 3387 627 3430 vocem
657 3365 918 3449 monosyllabum
944 3363 1042 3429 stiam
1067 3363 1233 3448 proximus
1256 3367 1332 3449 post
1353 3363 1433 3449 legi-

289 3471 404 3536 timam
424 3472 686 3557 semiquinariam
706 3472 797 3537 loeus
816 3472 939 3555 recepit
958 3470 1106 3556 quamvis
1126 3469 1264 3536 vicariae
1284 3491 1433 3535 caesurae

289 3578 528 3643 exeusationem
566 3602 633 3645 non
668 3578 803 3644 habens.
856 3577 901 3643 Et
938 3578 1095 3664 quaedam
1134 3599 1211 3643 sane
1247 3575 1431 3642 huiusmodi

290 3705 500 3712 .—-—-—--—-.

288 3787 352 3825 nem
372 3770 474 3828 imiter.
504 3773 535 3826 ln
553 3772 658 3828 talibus
679 3775 772 3844 autem
793 3772 935 3827 sciendum
955 3773 998 3826 est
1017 3787 1084 3841 prae
1099 3770 1200 3826 ultima
1213 3769 1433 3841 praeponderare

228 3851 230 3856 ’
258 3897 263 3912 .
289 3859 562 3931 semiseptenariam,
587 3879 655 3933 prae
674 3863 727 3918 hac
746 3859 989 3931 semiquinariam,
1015 3859 1057 3916 ita
1074 3859 1188 3930 quidem
1208 3862 1253 3928 ut,
1282 3875 1353 3928 qnae
1372 3875 1432 3928 gra-
1654 3803 1656 3900 i

289 3949 375 4005 vioris
393 3967 524 4007 caesurae
548 3951 671 4023 pondere
695 3952 832 4018 elevetur,
856 3950 892 4006 ad
911 3949 1030 4020 pedicae
1049 3947 1232 4019 exiguitatem
1253 3945 1433 4016 deprimatur.

288 4037 350 4092 Nisi
369 4037 577 4108 quodpropter
595 4038 755 4110 insignioris
775 4037 830 4093 vim
850 4038 1084 4110 interpunctionis
1105 4033 1336 4107 semiseptenaria
1353 4049 1433 4105 prae·
1645 4027 1655 4070 ¹

289 4127 366 4182 valet
383 4145 409 4182 v.
431 4133 490 4183 196.
513 4134 571 4184 182.
591 4134 656 4183 527:

450 4235 524 4289 lstdc
543 4235 672 4291 uolebam
692 4237 771 4291 solre.
800 4235 809 4288 i
829 4253 895 4291 sane
914 4237 987 4290 ndno
1006 4233 1071 4290 iarn.

450 4323 495 4377 llll
513 4321 618 4378 redemi
637 4326 747 4393 rutrum,
767 4343 784 4378 a
802 4340 847 4379 ms
865 4326 1012 4395 argentum
1030 4322 1103 4378 dedi.

450 4411 609 4466 Consuadet
626 4411 749 4479 homini,
768 4412 859 4466 eredo.
888 4411 940 4466 etsi
962 4413 1095 4468 scelestos
1115 4413 1166 4467 ost.

379 4499 404 4567 ἢ
423 4501 518 4570 [nana
536 4512 632 4553 ossrs
650 4513 691 4552 na
709 4500 758 4570 Α.]
