3318 5072
529 431 793 480 suasosmouls
818 432 1023 481 susvmusu.
1282 415 1346 480 519

267 575 356 640 Haeo
380 577 441 660 o'go
465 595 565 659 quom
588 574 679 659 agito
703 579 776 640 odm
800 595 872 639 moo
897 572 1007 640 animo
1030 578 1064 640 et
1086 575 1192 640 rdoolo
1215 573 1272 639 ubi
1291 573 1346 658 qui

929 683 1013 768 age't,
1036 703 1134 767 quam

268 787 360 854 Preti
381 789 425 856 sit
447 788 551 874 parui,
574 788 594 853 d
616 809 668 852 me
692 809 804 874 opaga,
829 789 934 854 amdr:
957 809 1022 854 non
1045 787 1166 872 plaoe‘s,
1188 785 1235 852 nil

269 895 314 960 Te
337 916 398 981 ago
421 898 497 959 ultor

184 1075 194 1099 ι
268 1001 380 1088 Apdge
405 1001 459 1086 ais,
482 1003 586 1065 amor:
610 1021 661 1065 ras
684 1003 758 1065 tuas
782 996 844 1065 tibi
867 998 967 1065 habe:
991 999 1082 1084 mihi,
1104 1000 1206 1078 amor,
1228 1023 1270 1066 na

266 1108 352 1174 Fusa
375 1131 529 1194 umquam
553 1105 685 1173 amicus,
1267 1107 1269 1111 ’

266 1215 373 1299 Pater,
395 1217 514 1299 tasum,
538 1214 773 1308 impordquod
796 1215 855 1297 uis,
878 1216 983 1299 noque
1006 1236 1061 1279 aro
1084 1214 1118 1278 in
1143 1215 1244 1298 mosa,
1267 1236 1326 1278 nae

266 1321 442 1388 Latebrdse
466 1345 518 1388 me
543 1343 604 1406 ego
628 1322 687 1387 {aba
711 1325 768 1386 tuo
791 1322 967 1405 oonspdotu
990 1321 1171 1386 oooultdbo.

265 1428 393 1494 Focaris
417 1431 477 1513 ps‘sr
500 1429 565 1493 tuis
589 1428 706 1494 olitoria
730 1428 836 1512 factis,
860 1428 888 1493 si

265 1536 370 1602 Tuum
393 1540 519 1621 patrem
542 1536 686 1620 pdrooles
768 1569 1254 1582 ------

264 1642 442 1709 Hominum
472 1640 594 1708 durani.
633 1641 710 1726 quin
742 1641 831 1726 prius
861 1664 913 1706 me
946 1641 986 1706 ad
1018 1641 1121 1726 phiris
1154 1638 1343 1724 panstram'?

265 1857 372 1922 Mores
396 1857 557 1924 maiouim
580 1855 766 1923 collaudant

263 1963 363 2029 Hisce
386 1985 447 2050 ego
469 1969 503 2029 te
525 1964 650 2029 sirtibua
674 1962 816 2047 gritiam
839 1961 933 2045 fdoio,
955 1984 1009 2026 aas

262 2071 314 2136 Na‘
337 2071 426 2136 colas

262 2175 336 2242 Mod
360 2176 454 2241 modo
479 2178 512 2241 ot
535 2176 682 2242 moribus
705 2174 818 2242 uiuito.
842 2197 924 2260 quae
947 2179 1007 2262 ogo
1031 2177 1093 2241 tibi

261 2281 439 2368 Prae'oipio,
462 2284 501 2348 ea
523 2282 632 2348 faoito.
655 2280 740 2348 nss1il
764 2305 825 2369 ego
849 2283 930 2348 istds
955 2304 1065 2348 moror

263 2389 399 2455 Faoe‘tos
423 2391 528 2455 moras
552 2389 708 2472 turbidos,
731 2389 848 2474 quibus
871 2387 951 2454 boui
972 2410 1006 2454 aa

261 2495 465 2562 Deddoorant
501 2532 1248 2544 —————————

195 2636 397 2723 Quamquam
417 2661 517 2704 unum
541 2638 693 2724 quiddam
712 2637 896 2704 huiusmodi
916 2639 984 2724 ipse
1009 2639 1126 2722 reliqui
1145 2659 1174 2702 v.
1193 2640 1259 2704 254
1270 2661 1338 2725 sqq.
1422 2703 1427 2712 ,

495 2781 656 2866 Raptdres
680 2779 774 2865 panis
798 2782 831 2846 dt
854 2781 938 2865 peni.

494 2887 548 2952 Fit
569 2886 649 2974 ipse,
672 2887 748 2952 dum
772 2887 837 2952 illia
862 2887 962 2952 comis
985 2890 1044 2972 eat,

493 2994 591 3078 Indps
616 2999 749 3060 amator.
782 2993 870 3060 Hado
894 3015 955 3080 ego

259 3099 363 3176 Quom
388 3104 449 3185 ago
475 3122 547 3165 oum
567 3122 639 3165 meo
658 3101 765 3167 inimo
786 3104 819 3166 et
837 3124 935 3187 quom
954 3103 1073 3186 rdoolq
1096 3103 1152 3168 ubi
1172 3103 1229 3186 qui
1247 3105 1333 3188 agat:

191 3263 258 3308 non
285 3245 396 3306 tamon
424 3243 510 3327 quod
538 3243 724 3328 probarem,
752 3244 808 3311 aod
836 3243 922 3328 quod
949 3243 1046 3308 nimis
1074 3244 1196 3308 incerta
1224 3267 1334 3310 eorum
1428 3235 1437 3253 ⁰

192 3348 375 3414 emendatio
401 3348 565 3414 videretur
594 3353 757 3432 quassat
785 3349 913 3414 diverso
938 3349 1032 3414 modo
1056 3349 1089 3413 in
1115 3350 1334 3418 Ambrosiano

190 3455 315 3538 scripta
345 3476 414 3520 asso
447 3455 659 3539 apparuisset.
710 3454 791 3520 Tam
825 3456 910 3520 anim
943 3457 1010 3521 illio
1043 3457 1126 3522 forte
1159 3457 1333 3525 divortium

191 3547 409 3647 dogitatorum
431 3562 478 3645 fit,
501 3564 538 3625 ut
561 3562 602 3624 ab
626 3562 715 3628 Haec
736 3583 788 3645 epo
809 3585 876 3628 non
899 3563 1006 3626 minus
1029 3585 1127 3646 quam
1151 3587 1179 3628 v.
1203 3565 1268 3630 236
1292 3567 1332 3631 ab

192 3667 340 3732 Omnium
359 3668 497 3749 prium
519 3689 651 3734 neeesse
674 3668 718 3734 sit
740 3691 813 3734 oum
832 3691 915 3734 novo
936 3670 1103 3736 enuntiato
1122 3693 1242 3736 novum
1262 3694 1332 3738 ver-

191 3797 261 3838 sum
295 3774 404 3839 ordiri.
453 3774 567 3861 Itaque
600 3797 671 3840 oum
706 3776 852 3859 socedat,
884 3776 969 3861 quod
1002 3777 1070 3842 aine
1103 3779 1251 3862 exemplo
1283 3784 1333 3844 ast

188 3902 277 3964 apere
303 3881 409 3948 aninlo
437 3883 486 3946 val
514 3904 583 3948 oum
611 3884 725 3961 auimo,
755 3882 910 3949 usitatum
934 3884 995 3950 hae
1018 3887 1181 3969 potestate
1204 3886 1332 3968 opilare,

189 3989 268 4054 satis
291 3989 418 4072 placere
441 3990 530 4054 volut
553 3989 632 4056 haec
655 3991 787 4055 illorum
811 3989 978 4074 discriptio
1001 3992 1120 4076 possit:

489 4113 650 4196 Raptorea
673 4114 769 4199 panis
793 4113 826 4178 st
847 4113 931 4198 peni.

488 4217 542 4284 Fit
564 4219 642 4303 ipse,
665 4220 741 4285 dum
765 4221 830 4284 illis
854 4220 955 4285 odmis
979 4223 1037 4303 ast,

559 4325 657 4411 lndps
680 4348 754 4391 mox
770 4329 913 4419 *amatos

253 4431 342 4498 Haeo
370 4435 431 4518 a‘go
459 4455 556 4517 quom
585 4433 674 4518 agito
704 4436 776 4498 edm
805 4454 876 4498 meo
905 4433 1027 4516 animo,
1055 4437 1088 4498 et
1114 4435 1243 4518 ra‘puto,
1272 4433 1328 4500 ubi

932 4538 987 4624 qui
1011 4541 1097 4628 agdt:
