3332 5074
311 369 376 434 390
599 384 857 433 rsouuoouuus
880 385 927 432 nu
952 384 1162 433 simonisve

311 528 454 614 reliquis,
477 527 626 614 idem-que
644 530 739 594 unius
758 529 903 613 syllabae
926 549 1111 593 mensuram
1135 531 1188 593 snt
1210 549 1306 611 saepe
1329 529 1455 612 aequat,

311 639 349 702 ut
371 635 460 701 Trin.
484 631 579 701 2602'

312 783 505 791 ..-—-——--.-—
519 783 523 788 .

310 829 465 886 munierum
489 829 573 884 fidem
596 827 738 898 habentia,
762 830 795 884 11
821 829 907 884 semel
934 828 1058 898 positum
1086 845 1225 884 noenum
1252 846 1303 898 pro
1327 844 1384 884 uon
1407 829 1455 901 [cf.

311 919 412 988 Opusc.
426 917 496 988 phil.
511 917 537 971 11
551 935 579 987 p.
594 923 645 971 242
657 935 710 988 sq.;
729 917 799 974 Nor.
815 934 873 974 exc.
892 917 935 973 Pl.
950 917 963 970 I
981 935 1008 987 p.
1023 923 1067 972 40.
1088 918 1161 991 112]‚
1180 918 1267 973 semel
1284 919 1457 987 sirempse,

310 1007 339 1062 iu
367 1008 412 1062 his
445 1006 664 1075 subsistendum,
696 1021 748 1060 noo
780 1005 820 1060 eis
851 1005 1023 1060 abutendum
1054 1006 1192 1062 licentius.
1239 1006 1329 1072 Quam
1361 1010 1457 1062 autem

310 1097 414 1166 multa,
438 1111 509 1165 quae
534 1094 628 1165 prisca
653 1093 707 1150 sibi
731 1094 858 1150 1111111111
883 1093 1021 1162 vindicat,
1050 1095 1106 1149 iam
1129 1095 1261 1150 Plautina
1284 1097 1378 1151 aetate
1401 1113 1456 1152 non

310 1187 455 1257 potuerint
471 1202 528 1242 non
550 1185 679 1242 obsoleta
700 1201 775 1254 esse,
793 1185 921 1256 intellegi
939 1185 985 1240 vel
1003 1185 1057 1240 hoc
1075 1188 1241 1255 argumento
1259 1187 1362 1254 potest,
1380 1185 1455 1254 qnod

310 1274 521 1331 multitudinem
546 1272 740 1330 Plautinarum
766 1273 918 1329 formarum
943 1273 1006 1343 ipsa
1029 1274 1199 1329 Terentiana
1223 1275 1301 1329 aetas
1327 1273 1456 1343 repudiu-

310 1364 365 1434 vit,
392 1365 439 1420 vix
465 1362 567 1434 viginti
594 1379 730 1420 annornm
757 1362 906 1418 intervallo
932 1380 949 1417 a
976 1364 1065 1418 morte
1093 1362 1187 1417 Plauti
1213 1361 1329 1418 (1111111.
1370 1363 1457 1419 Velut

310 1469 362 1509 nec
384 1455 443 1508 med
466 1453 510 1508 ted
532 1452 636 1508 formas
658 1469 711 1508 nec
734 1452 900 1508 distractum
918 1453 1006 1508 mala-'s'
1022 1451 1183 1520 genetivum
1203 1451 1349 1507 Terentius
1367 1453 1456 1522 novit,

311 1558 363 1598 neo
377 1541 435 1597 elia
449 1557 520 1610 qnae
535 1557 608 1596 nuno
622 1540 754 1612 persequi
766 1541 882 1612 longum
896 1545 945 1610 est,
965 1557 988 1595 c.
1003 1558 1026 1596 c.
1040 1541 1118 1596 simi
1123 1545 1158 1596 ta
1172 1557 1224 1610 pro
1237 1540 1321 1596 simul
1339 1539 1453 1611 dictum,

311 1646 367 1701 quo
385 1630 497 1686 deciens
514 1629 633 1685 Plautus
652 1647 730 1684 usus:
754 1632 818 1686 octo
838 1629 912 1686 enim
936 1629 1070 1700 exemplis
1092 1645 1109 1683 a
1129 1629 1322 1699 Kampmunno
1346 1645 1456 1699 compo·

312 1718 373 1774 sitis
396 1719 451 1775 duo
475 1736 571 1775 versus
595 1719 732 1775 accedunt
755 1719 837 1776 Most
857 1719 906 1790 111,
924 1725 951 1788 2,
970 1725 1022 1774 104
1040 1720 1070 1774 11
1088 1719 1178 1775 Stichi
1196 1719 1230 1789 ΙΙ,
1250 1725 1275 1786 2,
1295 1725 1338 1786 66,
1357 1717 1397 1773 111
1414 1718 1458 1772 1111

313 1808 498 1865 Ambrosiano
517 1809 587 1864 duco
607 1807 810 1864 conformandi:

418 1899 479 1970 Ego
497 1899 544 1955 hio
562 1915 623 1954 esse
642 1901 671 1954 et
688 1898 732 1954 ssli
749 1898 845 1953 simitu
862 1897 920 1954 heu
937 1897 1029 1968 potiui
1049 1897 1171 1969 [simitar
1188 1899 1245 1952 boa
1260 1897 1342 1968 potui
1356 1896 1457 1967 Opnsc.

967 1987 1037 2058 phil.
1057 1988 1095 2042 IV
1114 2006 1141 2058 p.
1161 1986 1235 2057 2101.

419 2079 508 2143 immo
533 2086 643 2142 uenisse
670 2070 735 2140 irum
750 2084 846 2141 simitu
859 2085 973 2141 aiebant
985 2085 1041 2141 illi:
1060 2102 1113 2157 ego
1127 2086 1182 2140 luto
1197 2084 1276 2141 uitus.
1298 2083 1345 2156 [oi.
1356 2083 1457 2154 Opusc.

965 2173 1036 2244 phil.
1050 2174 1076 2228 11
1095 2192 1122 2244 p.
1142 2177 1194 2228 218
1205 2173 1259 2245 sq.]

313 2267 424 2332 Quanto
447 2265 542 2319 autem
565 2261 668 2319 aetatis
691 2263 841 2318 intervallo
860 2278 878 2316 a
895 2263 1037 2330 Terentio,
1059 2265 1140 2318 tanto
1159 2263 1207 2318 sel
1225 2261 1311 2318 simili
1329 2262 1397 2317 artis
1414 2263 1457 2318 in·

311 2354 431 2410 tervallo
454 2354 571 2409 Plautus
594 2354 630 2408 ab
654 2351 765 2421 aequali
789 2351 862 2421 epici
886 2351 997 2422 generis
1019 2354 1106 2422 poeta
1127 2351 1217 2408 Ennio
1242 2350 1378 2407 discretus
1401 2355 1457 2408 est:

203 2473 210 2480 ·
312 2444 342 2498 et
368 2441 437 2498 artis
462 2443 492 2496 et
517 2441 618 2496 aetatis
643 2457 660 2494 a
684 2439 826 2509 Lucretio,
849 2439 927 2495 ouius
950 2455 1041 2494 sermo
1064 2456 1120 2496 non
1142 2442 1186 2495 est
1208 2439 1266 2496 ullo
1291 2440 1374 2496 modo
1393 2457 1456 2497 cum

312 2532 443 2587 Plautino
467 2530 599 2587 temerius
624 2529 815 2586 conterendus.
857 2530 916 2584 Neo
941 2528 1000 2584 iero
1025 2528 1117 2584 minus
1142 2529 1292 2586 discrimen
1316 2528 1390 2584 inter
1417 2529 1457 2586 lo-

313 2621 416 2694 quendi
433 2636 521 2691 genus
531 2619 626 2674 Plauti
643 2618 874 2689 publicorumque
892 2621 1137 2674 monumentorum
1156 2619 1320 2675 sollemnem
1339 2635 1455 2674 eonsue-

311 2709 439 2765 tudinem
457 2707 647 2764 intercessisse
666 2725 722 2764 non
741 2709 851 2763 1111111
871 2709 936 2762 ante
954 2708 1073 2762 mortem
1097 2709 1197 2778 poetae
1220 2708 1326 2763 lactum
1350 2707 1398 2762 SC.
1422 2709 1457 2762 de

312 2797 498 2854 Bacaualibus
523 2795 572 2852 sed
600 2797 686 2852 etiem
713 2796 875 2867 posterioris
902 2795 1004 2851 aetatis
1027 2796 1105 2867 leges
1129 2797 1158 2852 et
1179 2796 1294 2852 tabulae
1321 2798 1457 2852 testetum

313 2888 427 2943 iaciunt
460 2886 514 2957 [Ex
541 2885 717 2940 Addendis
744 2903 771 2956 p.
795 2899 911 2940 cccxxv
921 2903 995 2956 sqq.=
1025 2885 1157 2954 ‘quoda
1181 2885 1312 2941 Terentio
1335 2885 1458 2942 alienum

312 2975 370 3031 dixi
394 2975 559 3030 distractum
582 2974 612 3030 in
637 2980 668 3030 ot'
689 2975 850 3046 genetivum
872 2975 980 3045 primae
1003 2974 1211 3044 declinationis,
1234 2973 1263 3029 id
1281 2991 1316 3030 ne
1335 2974 1397 3044 quis
1414 2975 1458 3030 in·

312 3062 515 3120 consideratius
533 3063 638 3119 iactum
657 3063 806 3134 existimet,
826 3063 861 3118 de
879 3065 1013 3134 quattuor
1031 3063 1108 3134 loeis,
1127 3063 1228 3133 quibus
1241 3063 1320 3119 illam
1334 3063 1454 3119 sormam

312 3153 456 3208 Bentleius
474 3152 578 3220 intulit,
597 3151 695 3222 paucis
719 3153 760 3206 sic
783 3152 896 3207 habeto.
933 3151 975 3207 Ao
992 3152 1124 3208 vitiosam
1143 3151 1287 3208 elisionem
1305 3153 1460 3208 Phaedrioi

312 3243 460 3299 ostenderet
478 3239 507 3295 in
526 3241 637 3296 Phorm.
657 3239 704 3309 IV,
718 3246 744 3310 2,
760 3247 774 3295 7
795 3240 934 3310 probabili
948 3258 1037 3310 nuper
1051 3240 1246 3297 emendatione
1261 3241 1457 3297 Lachmannus

313 3333 354 3402 [in
372 3331 453 3387 Lucu.
472 3349 499 3400 p.
520 3329 584 3401 161]
604 3328 729 3383 sustulit:

526 3418 581 3474 Vbi
599 3417 756 3474 Phaedriae
775 3434 836 3473 esse
855 3417 1015 3474 ostenderet
1032 3417 1121 3475 nihilo
1139 3418 1231 3474 minus

525 3507 654 3563 Amicum
673 3523 837 3577 essequam
856 3507 1018 3578 Antiphoni.

312 3597 438 3654 Permirc
458 3599 553 3653 autem
577 3597 735 3653 commento
757 3597 788 3652 in
806 3597 957 3652 Heautont
977 3597 1011 3667 V,
1031 3604 1055 3667 1,
1074 3604 1109 3653 20
1127 3598 1269 3654 Β11111111
1288 3615 1323 3654 11
1345 3605 1460 3670 sporum

312 3686 435 3756 quidem,
455 3686 504 3740 sed
523 3687 615 3756 ipsum
633 3692 750 3756 spmoe'
766 3685 858 3742 voluit
875 3688 941 3741 ante
959 3703 1060 3742 aarum
1077 3687 1254 3758 trisyllabum
1273 3704 1341 3744 esse.
1377 3688 1456 3743 Nihil

313 3775 465 3846 quicquam
483 3774 629 3832 molestiae
649 3778 693 3832 est
710 3775 739 3831 in
756 3775 899 3830 tralaticia
917 3775 1066 3846 scriptura:

421 3863 545 3935 Sponsae
563 3866 683 3935 uestem,
707 3880 805 3919 aurum
828 3865 913 3934 atquo
937 3864 1056 3919 ancillas
1074 3882 1145 3935 opus
1164 3882 1236 3921 esser
1260 3868 1408 3937 argentum
1427 3869 1459 3921 nt

1156 3953 1244 4009 dares.

311 4043 386 4098 Nam
410 4041 485 4112 qnod
509 4041 559 4097 ille
584 4057 698 4111 prorsus
721 4041 900 4097 invenustum
923 4041 1007 4112 dixit,
1030 4059 1131 4098 eseam
1154 4042 1312 4098 1111111111
1331 4045 1458 4114 accentu,

312 4132 342 4187 in
360 4147 394 4188 eo
412 4131 514 4186 nimius
533 4130 595 4186 fuit
622 4129 748 4185 Primum
767 4131 842 4186 onim
859 4131 890 4185 in
908 4131 1116 4188 enumeratione
1134 4135 1194 4189 tam
1213 4132 1346 4188 similium
1364 4149 1458 4188 rernm

312 4237 368 4276 non
392 4223 435 4274 est
456 4219 584 4290 prolecto
608 4220 669 4274 anri
691 4219 869 4290 potissimum
894 4221 971 4277 notio
997 4221 1149 4292 praecipua
1171 4223 1200 4276 vi
1225 4221 1285 4276 ulla
1303 4223 1457 4278 sententiae

312 4307 438 4380 insignis.
475 4307 583 4364 Deinde
601 4311 696 4364 autem
721 4308 889 4377 ubicumque
914 4312 979 4380 post
1001 4308 1125 4380 aliquem
1151 4310 1404 4381 interpunctionem
1430 4315 1459 4367 et

313 4397 442 4464 quemvis
460 4397 573 4453 brevem
592 4395 793 4468 pronuntiandi
807 4413 924 4468 pausam
936 4417 990 4455 vox
1004 4399 1039 4455 de
1053 4399 1164 4470 integro
1179 4399 1295 4468 orditur,
1315 4417 1350 4455 ne
1363 4403 1460 4471 potest

314 4485 427 4556 quidem
445 4487 475 4542 id
494 4485 671 4555 vocabulum,
689 4501 708 4541 a
725 4503 781 4556 quo
800 4485 915 4558 orditur,
933 4505 1046 4559 prorsus
1064 4487 1229 4544 delitescere
1243 4503 1414 4557 quamquam
1428 4488 1458 4544 in
