3332 5074
540 394 804 442 nuannarrcurs
828 395 1035 446 suavorum.
1298 380 1364 444 415

307 536 421 623 Neque
444 536 538 602 illaec
561 537 621 603 ulli
645 537 726 623 pede
748 537 863 622 pedem
887 539 1012 604 homini
1035 543 1174 624 premat:

309 643 414 720 Quom
438 647 563 728 surgat,
585 665 688 730 neque
711 643 747 708 in
768 643 888 710 lactum
911 644 1081 712 inscendat
1103 667 1294 730 proxumum
1306 644 1363 709 -‘?
1486 725 1491 736 ῃ

219 785 269 850 Ad
296 786 357 852 hos
386 786 474 852 cuim
502 807 614 850 omnes
642 785 758 851 similis
786 786 977 873 depravatio
1003 787 1163 872 pertinuit
1185 809 1203 852 e
1226 791 1277 852 sat
1298 787 1363 852 levi

220 915 333 958 caussa
356 893 505 976 oriunda,
528 915 593 977 qua
615 893 662 958 sic
685 914 751 959 non
773 893 977 961 incommode
1000 895 1236 961 liberabuntur:

307 1033 420 1120 Neque
443 1033 543 1100 illaec
567 1035 625 1100 ulli
647 1035 728 1119 pdde
751 1035 867 1120 pedem
889 1058 1021 1120 usquam
1043 1035 1170 1103 homini
1190 1042 1327 1121 premat,
1363 1057 1487 1102 onxxrrr

308 1142 414 1219 Quom
438 1147 561 1226 surgat,
582 1162 686 1226 neque
705 1142 763 1207 illa
780 1143 950 1209 inlectam
970 1143 1138 1208 inscendat
1155 1143 1362 1227 prdxumunr:
1476 1198 1486 1218 ,

307 1248 420 1336 Neque
444 1249 542 1334 qudm
565 1247 739 1313 descendat
762 1245 847 1332 inde,
870 1249 924 1314 det
947 1249 1121 1337 quoiquam
1145 1271 1290 1316 manum:

309 1356 525 1441 Spectandum
548 1376 588 1420 ue
612 1355 782 1441 quoiquam
804 1356 936 1421 etnulum
959 1356 1013 1421 det
1036 1358 1139 1442 neque
1162 1361 1268 1442 roget:

308 1463 406 1530 Tales
428 1484 470 1527 nc
492 1463 667 1548 quoiquam
690 1462 853 1527 admoueat
873 1461 992 1528 homiui
1015 1461 1078 1528 nisi
1102 1463 1171 1530 tibi

220 1606 397 1691 Aliquanto
427 1605 561 1691 propius
592 1606 633 1670 ad
662 1605 691 1670 ci
719 1605 806 1670 vocis
837 1605 1086 1670 similitudinem
1118 1605 1220 1672 rideri
1252 1609 1362 1690 potest

221 1713 417 1798 bisyllabum
446 1713 531 1778 toto
559 1712 721 1778 accedere:
754 1713 811 1777 sed
833 1717 944 1778 tamen
967 1713 1077 1799 fidem,
1110 1713 1138 1778 si
1161 1712 1238 1798 quid
1260 1711 1362 1796 udeo,

218 1840 260 1884 ne
289 1819 351 1884 lroe
380 1818 507 1905 quidem
535 1817 644 1884 habet.
689 1817 777 1884 Nam
806 1819 1076 1904 quamadmodum
1106 1819 1202 1884 tanco
1230 1818 1300 1884 hooc
1329 1823 1362 1884 et

221 1925 407 1992 consimiles
435 1924 558 1992 formae
586 1924 665 1990 alibi
692 1946 712 1988 a
735 1925 880 1990 librariis
905 1925 1110 1992 oblitteratae
1134 1931 1265 1992 suntet
1288 1947 1361 1992 cum

219 2031 350 2097 usitatis
378 2031 459 2096 tanc
480 2031 535 2096 lace
556 2035 773 2116 permutatae,
806 2032 853 2097 ita
876 2031 958 2096 mihi
981 2033 1109 2118 quidem
1133 2055 1266 2118 prorsus
1289 2055 1361 2118 per-

218 2160 350 2204 suasum
374 2141 424 2202 est
440 2135 527 2202 dcccc
551 2159 678 2223 quoque
701 2160 767 2202 non
790 2139 901 2222 paucis
920 2138 1002 2204 locis
1021 2162 1082 2225 pro
1100 2138 1172 2206 taric
1188 2141 1360 2206 restituen-

218 2243 295 2309 dum
323 2265 393 2309 esse
423 2242 474 2331 (ut
504 2267 534 2329 p.
558 2262 652 2310 cnxx
686 2243 803 2331 [412]).
849 2244 920 2320 Qua
947 2244 1052 2311 forma
1080 2246 1224 2332 reposita
1252 2249 1362 2312 actum

217 2356 267 2416 est
295 2351 333 2416 de
360 2351 412 2416 his
442 2350 598 2435 exemplis
626 2373 645 2416 a
673 2349 879 2417 Fleckeiseno
908 2351 1016 2418 allatis
1044 2353 1162 2439 Amph.
1185 2353 1234 2438 11,
1257 2355 1286 2438 2,
1311 2355 1361 2418 70.
1394 2421 1397 2428 ,

217 2458 308 2523 Asin.
331 2457 412 2542 prol.
439 2458 487 2522 10.
523 2455 640 2523 Bacch.
664 2455 722 2541 III,
746 2457 777 2541 3,
801 2457 853 2522 80.
888 2456 945 2541 IV,
969 2457 998 2543 5,
1021 2459 1057 2523 4:
1431 2463 1435 2478 '

305 2583 418 2666 llltiam
441 2603 479 2665 tu
502 2620 629 2685 quoquc
652 2597 832 2664 dssentaris
855 2597 973 2665 huiee‘?
1011 2599 1096 2676 Quid
1119 2601 1169 2666 uis
1193 2600 1288 2668 fieri?

307 2705 435 2772 Dicam:
459 2703 555 2771 huice
577 2727 696 2771 nomen
719 2707 834 2790 gradec
858 2705 1006 2792 Onagost
1027 2707 1167 2774 fitbulae.

305 2813 393 2878 Mihi
415 2814 600 2898 discipulus,
623 2812 690 2878 tr‘bi
714 2813 843 2898 sodalis,
865 2811 960 2878 huioe
982 2815 1079 2899 periit
1102 2813 1204 2900 filius,

306 2919 392 2986 Nam
415 2921 482 2985 ndn
505 2919 656 2986 conducit
678 2915 772 2984 huice
795 2919 1034 3006 sucophdutiae.

215 3062 245 3127 E
269 3062 400 3146 reliquis
424 3066 532 3128 autem
557 3061 675 3128 misere
698 3062 740 3126 ab
758 3060 839 3146 ipsis
857 3062 1001 3127 numeris
1019 3064 1148 3132 laborat
1161 3065 1360 3134 Menaechm.

216 3169 297 3255 prol.
320 3168 379 3234 40:

305 3311 461 3376 Immritat
483 3331 603 3376 nomen
626 3309 704 3375 duos
728 3285 804 3375 hul'o
828 3311 957 3396 gemino
981 3311 1088 3378 dlteri:

216 3475 292 3520 nam
315 3456 443 3540 praeter
465 3451 655 3518 delitescens
682 3453 804 3536 pomino
827 3453 935 3538 ipsum
957 3454 1041 3534 laic,
1075 3456 1202 3523 etiamsi
1225 3457 1360 3544 bisylla-

217 3561 296 3626 bum
320 3581 389 3624 esse
414 3559 616 3644 concedatur,
640 3563 810 3625 accentum
832 3560 866 3625 in
889 3561 1005 3628 ultima
1027 3562 1146 3629 habere
1168 3585 1233 3630 non
1254 3567 1360 3652 magis

216 3669 334 3752 potest,
357 3688 454 3751 quam
478 3689 633 3752 umquam
658 3667 904 3751 pronuntiatum
928 3664 1028 3733 estet*
1050 3666 1150 3755 (quod
1170 3673 1359 3738 sustulimus

217 3773 305 3838 Trin.
329 3793 395 3856 arg.
420 3770 511 3860 6*)).
557 3759 674 3850 Quare*
687 3774 884 3839 confidenter
905 3777 1183 3860 transponendum

305 3914 462 3980 Immdtat
484 3916 614 4000 gemino
637 3917 755 3982 udmeu
779 3938 858 3983 auos
881 3916 958 3983 huie
980 3917 1084 3985 elteri.

216 4056 265 4124 De
289 4057 382 4142 (lapt.
404 4056 435 4142 Ι,
449 4058 492 4144 2,
515 4058 558 4122 49
588 4056 737 4124 Bentleio
766 4059 1006 4126 assentiendum
1030 4061 1164 4126 ridetur.
1199 4062 1359 4128 Rudentia

216 4165 297 4248 prol.
310 4165 353 4230 39
376 4186 442 4229 non
465 4169 536 4230 erat
558 4163 651 4231 valde
673 4166 853 4250 probabilis
876 4166 957 4232 haec
976 4167 1159 4234 emendatio
1185 4169 1359 4236 reicienda:

322 4409 349 4481 *)
374 4411 418 4482 [ln
442 4410 485 4466 ed.
510 4409 561 4466 alt
586 4410 712 4482 reposuit
733 4411 903 4468 Ritsohelius
926 4413 989 4470 coll.
1015 4413 1143 4485 ‘praeter
1166 4415 1224 4470 alia
1247 4416 1360 4488 Epidioi

216 4515 323 4569 usum·
341 4517 368 4556 v.
387 4501 438 4572 ³·'l
1045 4517 1046 4522 ’
