3302 5076
602 443 832 492 arrerurscnn
857 443 984 491 aenan.
1295 425 1361 492 635

218 585 410 670 magistrae,
437 586 608 650 mirificam
637 587 779 670 copiam,
809 587 1014 671 varietatem,
1038 587 1305 670 concinnitatem,
1329 589 1362 652 et

217 696 253 756 ut
272 695 440 776 tamquam
463 693 501 756 de
526 692 598 756 viva
621 694 780 778 magistra
803 694 928 778 loquar,
952 693 1169 778 sapientiam?
1202 693 1265 758 Sed
1288 717 1361 758 cum

217 821 253 862 ex
284 798 344 863 hac
371 801 477 883 parte,
504 820 586 883 quae
616 799 718 865 altera
746 803 796 864 est
820 821 858 864 ex
881 799 1019 882 duabus,
1047 799 1253 884 antiquitatis
1276 805 1361 866 trac-

171 909 178 924 '
216 906 298 971 tatio
314 927 364 969 me
379 905 482 971 iudice
506 911 646 990 aequet
669 907 892 972 tantummodo
908 907 1044 972 aliarum
1058 908 1239 974 litterarum
1254 907 1359 992 digni·
1420 987 1425 998 ¹

217 1015 333 1094 tatem,
355 1015 469 1076 contra
493 1034 530 1076 ex
555 1013 657 1077 altera
681 1017 774 1097 parte
798 1037 890 1078 suam
914 1014 977 1078 sibi
1000 1016 1236 1099 praestantiam
1253 1037 1362 1100 *quan-

218 1119 291 1185 dam
311 1119 454 1202 vindicat
474 1120 638 1204 propriam
658 1143 696 1185 ac
713 1121 919 1204 peculiarem,
937 1122 1027 1187 cuius
1043 1123 1141 1187 aliam
1155 1121 1360 1206 disciplinam

217 1225 342 1290 nullam
365 1225 491 1309 patitur
514 1227 677 1292 vicariam.
714 1227 822 1311 Atque
840 1229 920 1293 haec
938 1232 1010 1293 tota
1028 1229 1146 1312 pendet
1168 1249 1207 1292 ex
1230 1228 1362 1313 linguis,

219 1331 420 1415 referturque
449 1336 520 1398 tota
547 1333 586 1398 ad
615 1338 755 1398 mentem
784 1335 992 1400 excolendam
1016 1333 1256 1419 acuendumque
1279 1335 1362 1400 iudi-

221 1439 315 1504 cium.
361 1439 431 1505 Hoc
455 1442 541 1506 enim
565 1442 644 1507 illud
669 1447 732 1525 est,
761 1441 934 1526 quodiam
963 1441 1177 1525 complurium
1206 1441 1362 1507 memoria

220 1547 435 1631 saeculorum,
466 1549 552 1634 quod
584 1551 657 1634 ipsa
686 1549 977 1614 contradicentium
1007 1550 1150 1634 adeoque
1183 1571 1362 1635 repugnan-

186 1653 301 1718 ‘tium
335 1657 368 1718 et
400 1654 526 1721 diversa
563 1656 832 1721 substituentium
872 1657 1042 1722 molimina
1073 1660 1240 1721 testantur
1267 1656 1363 1740 longe

220 1761 477 1826 luculentissimo
497 1761 699 1843 documento,
719 1766 755 1826 ut
773 1762 975 1846 exploratum
994 1761 1184 1826 habeamus:
1208 1764 1277 1825 tam
1295 1762 1369 1827 ido--

218 1887 324 1949 neum,
346 1888 444 1950 quam
466 1867 622 1950 linguae
638 1865 780 1932 Graecae
795 1865 993 1952 Latinaeque
1013 1868 1250 1950 tractationem,
1273 1890 1361 1952 repe

218 1972 276 2036 riri
298 1973 447 2038 nullum
466 1975 727 2056 instrumentum,
752 1995 815 2057 quo
832 1978 968 2038 naturae
986 1973 1140 2038 beneficio
1155 1973 1246 2038 insiti
1260 1974 1362 2038 menti

217 2079 352 2163 igniculi
380 2081 507 2145 cuncti
543 2081 722 2144 excitentur
745 2083 778 2144 et
800 2079 983 2163 foveantur,
1015 2083 1163 2163 recteque
1187 2081 1363 2145 exercitata

219 2186 384 2272 cogitandi
416 2187 642 2271 iudicandique
672 2187 813 2252 facultas
844 2189 884 2252 ad
915 2187 1046 2272 quosvis
1077 2189 1145 2252 sive
1175 2187 1261 2252 vitae
1294 2188 1362 2251 sive

217 2291 400 2356 litterarum
431 2297 463 2358 et
493 2294 612 2359 artium
646 2294 928 2379 qualiumcumque
956 2316 1033 2359 usus
1066 2294 1281 2380 aequabiliter
1312 2315 1362 2360 ac·

220 2399 449 2464 commodetur.
496 2398 595 2465 Cuius
619 2401 799 2466 sententiae
823 2402 993 2467 raritatem
1022 2387 1080 2466 nec
1104 2403 1177 2466 volo
1207 2421 1303 2485 nunc,
1326 2405 1363 2466 ut

218 2507 282 2570 ism
310 2507 351 2572 ab
379 2507 473 2571 initio
503 2507 699 2593 significavi,
726 2531 785 2573 nec
814 2509 841 2572 si
870 2509 965 2580 velim
995 2529 1129 2592 possum
1152 2529 1209 2591 per
1232 2507 1363 2593 singula

219 2613 327 2696 capita.
353 2614 517 2697 persequi:
545 2636 604 2679 nec
632 2636 707 2680 vero
735 2613 850 2698 debeo,
878 2637 951 2679 cum
978 2613 1059 2678 nihil
1084 2612 1164 2678 mihi
1187 2613 1361 2678 secundum

219 2741 270 2802 ea,
303 2741 385 2804 quae
417 2742 488 2784 sum
518 2743 618 2804 supra
647 2721 827 2804 professus,
857 2722 922 2786 iam
952 2722 1112 2806 agendum
1144 2721 1200 2805 sit,
1233 2719 1297 2786 nisi
1327 2724 1363 2784 ut

218 2847 328 2891 eorum
353 2829 547 2892 sententiam
570 2831 738 2912 tamquam
761 2827 920 2911 interpres
943 2828 1152 2911 patefaciam,
1181 2849 1198 2892 a
1227 2848 1363 2910 quorum

219 2933 362 2997 consiliis
386 2933 482 2998 bodie
505 2933 623 3018 pendet
646 2934 829 3018 linguarum
849 2937 1058 3019 antiquarum
1077 2956 1149 2998 cum
1168 2933 1364 2998 scholastica

219 3039 424 3105 institutione
448 3042 596 3106 societas.
634 3041 704 3117 Quo
729 3043 837 3105 autem
861 3041 929 3106 iure
954 3041 1009 3122 sic,
1032 3044 1069 3104 ut
1091 3040 1161 3122 feci,
1185 3039 1242 3104 illo
1266 3040 1362 3104 inter·

220 3145 322 3230 pretia
346 3169 477 3211 munere
505 3148 634 3212 functus
659 3147 734 3231 sim,
761 3167 828 3210 non
851 3167 947 3232 aegre
970 3145 1155 3231 intellegat,
1183 3145 1238 3230 qui
1264 3181 1300 3192 —
1328 3149 1364 3210 ut

220 3276 283 3318 uno
299 3253 445 3338 exemplo
460 3256 591 3318 utar-
605 3253 789 3336 praeclaras
808 3252 882 3317 illas
902 3253 1067 3317 orationes
1081 3251 1274 3336 recordetur,
1295 3252 1363 3336 qui·

219 3361 279 3425 bus
303 3383 418 3446 nuper,
447 3382 520 3426 cum
544 3361 628 3445 apud
651 3359 883 3444 Francogallos
907 3359 1108 3443 publicarum
1130 3359 1215 3422 ratio
1239 3357 1362 3424 schola-

219 3488 293 3530 rum
307 3467 550 3550 disceptaretur,
569 3467 712 3531 eiusdem
726 3466 815 3531 illius
835 3466 1002 3531 societatis
1021 3463 1196 3529 salubritas
1216 3489 1236 3531 a
1255 3488 1362 3549 supre-

219 3571 282 3636 mis
297 3572 396 3655 Regis
416 3572 572 3638 ministris
592 3570 646 3659 (de
661 3573 807 3638 Thiersio
822 3573 1027 3657 potissimum
1042 3576 1075 3636 et
1088 3571 1225 3638 Guiaoto
1240 3569 1362 3658 cogito)

221 3677 508 3750 commendabatur
530 3681 641 3742 tantae
661 3679 790 3763 quidem
810 3679 1051 3763 intellegentiae
1070 3677 1259 3763 luminibus,
1282 3703 1363 3764 quae
1386 3693 1393 3708 ⁶

221 3807 284 3870 quo
308 3785 414 3875 minus
439 3784 610 3849 videbatur
633 3807 671 3850 eo
694 3785 728 3850 in
752 3805 869 3870 genere
893 3785 933 3850 ab
962 3785 1042 3868 ipsis
1065 3785 1287 3871 Francogallis
1310 3809 1362 3850 ex·

221 3892 359 3976 spectari
378 3913 483 3976 posse,
506 3916 544 3958 eo
565 3893 685 3958 maiore
705 3895 833 3958 nostros
852 3891 1030 3977 legentium
1049 3892 1175 3958 animos
1194 3893 1362 3976 voluptate

220 4021 286 4063 non
310 4002 437 4064 tantum
462 3999 576 4080 affecit,
600 4001 655 4065 sed
680 4023 752 4065 vere
775 3999 927 4083 perfudit.

308 4104 403 4171 Nunc
427 4106 528 4190 igitur
549 4111 586 4170 ut
609 4111 790 4172 revertatur
808 4107 891 4172 unde
910 4107 1041 4170 deflexit
1059 4105 1173 4186 oratio,
1193 4105 1277 4190 quod
1297 4105 1361 4170 iam

221 4212 313 4278 video
332 4212 556 4296 explicandum
576 4234 654 4296 esse,
672 4213 734 4278 hoc
752 4217 803 4278 est
821 4212 1002 4278 accuratius
1022 4235 1118 4296 quam
1138 4215 1234 4276 autea
1251 4211 1361 4276 defini-

221 4321 303 4383 tum:
324 4339 387 4402 quo
407 4317 611 4382 necessitatis
630 4319 758 4383 vinculo
781 4319 1035 4403 antiquitatis
1059 4317 1212 4382 tractatio
1235 4318 1361 4401 philo·

221 4425 349 4510 logica
386 4425 591 4490 contineatur
630 4446 702 4488 cum
739 4429 884 4490 veterum
917 4425 1139 4510 linguarum
1165 4424 1361 4489 tractatione

222 4531 487 4598 scholastica?
510 4530 595 4596 Nolo
607 4534 716 4622 autem
731 4531 818 4595 iniis
834 4517 914 4597 locis
928 4533 1057 4616 morari,
1071 4531 1126 4616 qui
1140 4553 1212 4596 cum
1226 4530 1295 4598 fere
1309 4531 1362 4595 dc·
