3306 5070
315 365 380 430 678
693 381 927 428 aurarumque
950 380 1078 428 011000.

316 523 349 588 10
373 523 424 588 1110
448 523 569 589 nostris
593 523 860 589 universitatibus
884 523 1146 610 coniungantur?
1180 523 1295 610 Itaque
1319 524 1462 589 breviter

317 667 359 678 -
379 631 446 696 scio
466 629 552 696 enim
572 633 608 696 ut
626 631 767 696 maxime
786 631 899 697 breves
919 630 999 714 sint,
1016 631 1064 695 ita
1082 629 1222 695 maxime
1245 630 1305 696 has
1328 630 1462 714 probari

317 737 480 802 orationes
498 773 542 786 -
562 736 703 802 breviter
720 736 822 822 igitur
841 736 1041 822 significabo,
1059 759 1125 821 qua
1142 736 1224 801 mihi
1244 737 1296 802 via
1314 737 1410 802 simul
1430 741 1464 802 et

316 844 522 910 incommoda
541 843 650 909 omnia
669 842 827 908 removeri
852 848 885 908 et
903 844 1014 908 omnia
1036 844 1143 928 parari
1166 843 1336 909 commoda
1359 844 1463 909 conci-

316 951 452 1036 liarique
471 951 656 1017 felicissime
673 950 853 1016 videantur.
886 949 1061 1016 'tollendae
1077 954 1152 1016 sunt
1174 953 1288 1016 nostra
1310 951 1464 1035 opinione

317 1057 500 1124 academiae
524 1079 670 1122 seorsum
694 1057 891 1124 constitutae
915 1057 1003 1122 etin
1023 1056 1250 1122 universitates
1269 1057 1464 1122 transferen-

318 1165 387 1250 dae,
411 1170 443 1230 et
468 1163 515 1230 ita
535 1164 665 1250 quidem
684 1161 936 1247 transferendae,
960 1167 996 1228 ut
1015 1167 1049 1228 et
1067 1162 1214 1248 singulae
1234 1164 1463 1230 universitates

318 1295 392 1340 suas
407 1271 549 1338 habeant
564 1270 718 1356 speciales
734 1269 916 1336 academias
931 1274 964 1335 01
978 1269 1040 1336 bae
1050 1270 1186 1336 totidem
1201 1275 1310 1356 partes
1321 1271 1464 1336 efficiant

321 1379 416 1444 nnius
445 1377 607 1464 generalis
638 1377 836 1461 academiae,
866 1377 901 1442 in
924 1398 1021 1461 quam
1044 1381 1214 1463 tamquam
1237 1378 1272 1442 in
1295 1399 1465 1444 commune

319 1506 436 1570 corpus
475 1483 636 1568 quoddam
675 1483 821 1568 singulae
860 1482 1051 1548 coalescant
1107 1480 1317 1568 (looptandos
1354 1488 1464 1550 autem

319 1591 435 1657 harum
465 1589 569 1656 socios
601 1588 839 1655 academiarum
868 1611 908 1654 ex
932 1589 972 1654 iis
995 1588 1204 1673 potissimum
1226 1589 1467 1674 professoribus

320 1719 504 1780 censemus,
531 1695 587 1780 qui
609 1699 784 1780 postquem
808 1717 866 1778 per
889 1700 941 1760 sat
963 1695 1086 1762 multos
1110 1717 1213 1761 annos
1236 1698 1269 1762 in
1293 1697 1468 1764 erudienda

322 1803 585 1889 instituendoque
608 1803 775 1868 iuventute
798 1801 898 1868 vitam
923 1801 1070 1888 viresque
1094 1808 1378 1888 consumpserunt,
1401 1803 1467 1870 iam

322 1911 405 1978 nihil
430 1910 555 1976 valdius
579 1913 743 1996 exoptent,
769 1931 866 1994 quam
890 1910 984 1974 utin
1007 1909 1128 1975 litteris
1147 1909 1210 1975 1011
1229 1909 1381 1976 habitent
1399 1933 1467 1977 eas-

321 2041 382 2106 que
411 2017 542 2102 scriptis
569 2015 771 2082 illustrantes
800 2015 916 2081 maiori
945 2015 980 2080 in
1007 2021 1174 2101 posterum
1203 2015 1299 2081 saluti
1328 2015 1394 2082 sint
1419 2018 1468 2082 rei

323 2125 486 2212 publicae,
518 2145 616 2208 quam
648 2121 784 2188 docendi
817 2143 916 2206 opera
946 2121 1058 2188 eodem
1091 2144 1155 2207 quo
1187 2123 1325 2189 antehac
1356 2124 1469 2189 labore

322 2231 457 2318 parique
488 2230 605 2296 virium
636 2229 816 2294 intentione
846 2227 1043 2294 continuate.
1089 2229 1158 2294 Nec
1188 2229 1273 2294 enirn
1302 2231 1470 2314 voluptate

324 2337 459 2406 docendi
483 2336 630 2402 exclusos
654 2335 813 2419 volumus,
838 2335 894 2400 sed
917 2335 1109 2400 necessitate
1132 2335 1289 2402 liberatos
1313 2336 1469 2402 eiusdem-

324 2469 385 2532 quo
410 2444 571 2510 libertatis
591 2443 748 2508 felicitate
768 2442 892 2527 beatos,
915 2465 979 2529 qua
996 2442 1093 2508 hodie
1113 2442 1350 2509 academiarum
1370 2445 1469 2510 sociis

325 2553 419 2618 licet
441 2554 475 2616 in
499 2571 537 2616 ec
561 2569 691 2635 genere,
715 2549 800 2635 quod
822 2550 969 2634 placet:
994 2571 1133 2634 quorum
1155 2572 1222 2616 non
1241 2573 1361 2635 paucos
1385 2551 1471 2616 vide

326 2683 396 2724 mus
421 2681 438 2723 0
461 2679 520 2722 000
542 2677 701 2741 quemque
725 2655 897 2740 disciplina
919 2659 1062 2741 tantum,
1085 2662 1242 2742 quantum
1266 2658 1471 2726 commodum

326 2771 386 2850 cst,
409 2764 569 2830 arbitratu
593 2785 651 2828 suo
671 2761 828 2828 delectum
849 2762 989 2847 publicis
1008 2763 1257 2828 universitatum
1277 2763 1396 2829 scholis
1415 2765 1471 2828 ob

327 2871 511 2940 lactationis
535 2891 650 2936 caussa
674 2867 777 2934 doctis
801 2867 1062 2934 adulescentibus
1087 2869 1294 2953 explicantes.
1331 2869 1383 2935 Ita
1405 2871 1473 2954 fiet,

326 2983 362 3047 ut
394 2984 427 3044 ot
457 2997 649 3044 aerumnoso
680 2975 784 3042 labori
814 2979 983 3061 tamquam
1013 2976 1158 3042 debitum
1187 2977 1365 3062 praemium
1397 2999 1470 3042 cum

326 3085 539 3152 honorificum
564 3087 632 3148 tum
656 3083 856 3150 fructuosum
881 3083 983 3148 otium
1003 3083 1206 3167 concedatur,
1229 3084 1319 3149 etin
1342 3083 1471 3150 flacces-

327 3192 466 3260 centium
496 3189 729 3274 magistrorum
758 3188 863 3254 locum
888 3188 1159 3254 efflorescentium
1183 3189 1354 3256 doctorum
1378 3190 1473 3274 vigor

327 3299 480 3368 continuo
505 3294 616 3362 ordine
635 3295 740 3360 suffici
757 3295 872 3380 possit,
895 3315 1016 3380 magno
1035 3295 1286 3362 universitatum
1305 3319 1472 3362 0011000011-

327 3407 410 3472 tium
434 3401 613 3484 commodo‚
637 3423 702 3466 non
726 3401 827 3466 nimio
850 3401 1054 3468 incommodo
1073 3403 1200 3487 aerarii,
1220 3403 1379 3487 siquidem
1399 3425 1473 3470 oum

327 3513 399 3598 ipso
424 3509 660 3576 academiarum
685 3507 836 3574 instituto
856 3508 1028 3574 earundem
1047 3507 1171 3574 reditus
1189 3509 1224 3574 in
1243 3510 1473 3576 universitates

328 3617 573 3685 distribuuntur.
621 3614 724 3681 Simul
753 3615 881 3681 dolendi
909 3637 1024 3682 caussa
1048 3616 1204 3702 cessabit,
1231 3621 1282 3682 tot
1304 3617 1474 3702 praeclara

329 3723 463 3808 ingonia
491 3727 524 3788 et
553 3721 592 3788 ad
621 3723 723 3788 110000
752 3725 838 3788 artes
868 3722 1061 3788 excolendas
1089 3728 1167 3788 nata
1194 3723 1338 3790 anobili
1362 3723 1474 3790 acade-

329 3831 469 3898 miarum
501 3829 663 3895 industria
694 3829 878 3896 necessario
911 3830 1041 3894 exclusa
1068 3851 1151 3895 esse:
1189 3829 1384 3915 quibuscum
1411 3833 1474 3897 etsi

330 3959 415 4004 nunc
442 3936 576 4002 honoris
604 3935 719 4000 titulos
747 3940 897 4021 possunt,
929 3957 997 4000 non
1024 3943 1163 4019 possunt
1185 3937 1366 4002 studiorum
1389 3959 1475 4003 com·

331 4043 486 4110 mercium
510 4040 761 4126 societatemque
784 4041 932 4106 laborum
956 4043 1201 4128 communicare,
1223 4043 1305 4128 ipsis
1328 4044 1475 4110 locorum

331 4149 511 4218 intervallis
535 4146 785 4233 refragantibus.
826 4145 919 4212 Vnde
943 4169 1143 4233 consequens
1167 4153 1218 4215 est
1240 4153 1277 4216 ut
1299 4171 1411 4234 reapse
1435 4173 1475 4216 ex

331 4257 372 4322 iis
396 4279 480 4322 nunc
504 4253 686 4320 academiae
705 4258 914 4320 concrescant
931 4255 1087 4322 litteratis
1105 4256 1302 4341 hominibus,
1324 4258 1380 4342 qui
1397 4279 1476 4322 casu

332 4365 437 4450 magis
461 4363 494 4428 in
518 4383 615 4428 000111
639 4363 751 4428 urbem
775 4361 904 4428 conflati
928 4384 1025 4446 quam
1044 4363 1181 4428 consilio
1200 4365 1370 4430 convocati
1389 4385 1476 4430 com·

335 4470 441 4536 100010
464 4467 620 4536 domicilii
644 4467 888 4556 opportunitate
911 4470 1054 4534 utuntur.
1087 4467 1176 4546 Quae
1199 4469 1296 4534 011100
1319 4491 1477 4556 0000111-
