3338 5072
296 379 361 444 286
584 395 846 444 raonsuouass
868 397 915 446 nn
938 396 1151 447 nsrrorsmvs

296 539 347 604 vel
378 539 432 623 qui
455 538 627 605 dissentiat
649 540 691 605 ab
715 541 782 606 eius
806 541 987 607 rationibus
1012 543 1160 609 accurate
1184 562 1239 606 eas
1266 545 1444 627 cognoscat

297 648 454 729 oporteat.
506 645 630 712 Elorum
668 651 777 714 autem
815 670 896 732 quae
928 649 962 714 in
993 648 1238 734 Prolegomenis
1271 649 1442 733 proposuit

296 752 372 836 quid
405 752 560 817 retineret
597 751 795 819 Ritschelius
833 760 1039 839 respuerctvc
1071 755 1227 821 facillime
1264 778 1303 821 ex
1339 756 1443 822 altera

296 859 476 924 Trinummi
506 859 647 925 editione
677 862 816 945 perspici
840 866 983 946 poterat3
1015 863 1088 928 inde
1112 863 1215 948 igitur
1236 885 1320 949 quae
1343 863 1442 948 paulo

296 966 466 1032 molestius
495 967 679 1053 colligenda
706 971 800 1032 erant
826 969 894 1034 iam
922 969 1003 1054 ipsis
1026 969 1270 1055 Prolegomenis
1293 969 1442 1036 adhibui·

296 1095 368 1137 mus
395 1096 460 1138 una
488 1096 560 1139 cum
585 1075 701 1140 ceteris
725 1097 806 1159 quae
831 1077 1115 1142 commemoranda
1137 1081 1253 1142 essent
1300 1077 1371 1153 Quo
1394 1077 1442 1142 in·

297 1181 412 1246 stituto
445 1203 612 1265 speramus
644 1181 774 1246 forent
800 1182 924 1248 tironos
954 1183 1092 1248 maxime
1121 1184 1313 1250 adiuventur
1338 1185 1371 1250 iu
1394 1184 1443 1249 in·

297 1285 455 1372 dagandis
478 1287 563 1353 veris
587 1288 768 1354 rationibus
792 1289 1030 1355 emendationis
1052 1289 1230 1357 Plautinae.

972 1397 1185 1465 Parnaarcvs
1210 1397 1397 1478 senonen]

790 1717 902 1766 csrvr
928 1699 953 1766 Ι.

236 1849 284 1889 vn
386 1823 415 1888 E
447 1822 607 1889 Plautinis
640 1824 802 1890 codicibus
836 1825 1061 1891 Trinummum
1097 1826 1283 1891 tenentibus
1315 1825 1444 1891 circiter

295 1930 442 2016 triginta,
465 1952 545 2015 quos
568 1930 770 2015 perltalicas
794 1933 999 2016 potissimum
1023 1932 1251 2017 bybliothecas
1275 1933 1440 2019 dispersos

296 2039 347 2103 vel
371 2038 496 2123 inspexi
520 2039 571 2102 vel
595 2038 734 2122 excussi,
766 2039 826 2104 hos
855 2038 961 2125 delegi
985 2040 1101 2125 quibus
1125 2039 1166 2104 ad
1188 2039 1273 2105 banc
1295 2039 1442 2105 fabulam

296 2146 531 2238 emendandam
559 2149 680 2229 uterer,
708 2145 905 2230 reliquorum
934 2146 1083 2230 exempla
1109 2167 1166 2230 per
1188 2145 1326 2212 aliarum
1348 2146 1442 2212 labu-

296 2252 401 2318 larum
420 2253 697 2337 opportunitatem
716 2249 979 2337 expromptums:
1002 2249 1032 2318 A
1056 2252 1307 2320 Ambrosianum
1326 2254 1442 2339 palim-

296 2364 452 2444 psestum‚
475 2357 505 2424 B
525 2357 710 2424 ‘Veterem'
729 2359 871 2426 codicem
890 2358 1079 2446 Camerarii‚
1103 2358 1128 2426 G
1148 2361 1291 2426 eiusdem
1307 2359 1442 2426 ‘Decur-

295 2464 428 2551 tatum',
464 2463 496 2530 Il
526 2465 721 2532 Vaticanum
749 2465 975 2552 Vnimanum,
1011 2465 1040 2532 E
1076 2489 1183 2533 meum
1215 2467 1375 2553 quendam
1408 2468 1442 2532 in

295 2571 431 2638 Etruria
454 2576 608 2658 emptum,
631 2572 659 2638 F
684 2572 893 2659 Lipsiensem,
917 2570 947 2639 (l
970 2573 1005 2638 Η
1028 2572 1062 2638 Κ
1085 2573 1273 2641 Vaticanos.
1319 2574 1442 2652 Quibus

296 2679 422 2745 accedit
451 2677 476 2744 Z
507 2679 607 2745 editio
637 2681 796 2765 princeps.
841 2680 890 2746 De
920 2681 973 2746 his
1002 2681 1095 2746 libris
1125 2681 1269 2747 omnium
1301 2681 1441 2766 primum

296 2786 388 2852 video
413 2785 492 2853 mihi
516 2788 708 2874 singillatim
732 2785 902 2853 dicendum
926 2809 1006 2853 esse.

384 2889 414 2960 l
438 2893 647 2960 Membranae
670 2895 950 2979 palimpsestae
972 2893 1203 2979 bybliothecae
1219 2893 1441 2960 Ambrosia·

295 3025 379 3087 nae,
401 3001 465 3068 huc
488 3001 608 3068 saeculi
632 2999 726 3066 XVII
750 3001 846 3066 initio
869 3001 1004 3086 delatae,
1027 3005 1064 3066 ut
1085 2999 1227 3067 Ansam
1250 3000 1320 3066 Mer
1342 2999 1442 3086 praef.

296 3110 330 3174 in
349 3109 460 3174 Iliadis
480 3109 596 3196 fragm.
615 3131 644 3193 p.
654 3106 702 3172 IV
721 3108 910 3175 testimonio
929 3111 1067 3193 constat,
1090 3130 1129 3173 ex
1147 3108 1267 3174 illustri
1290 3108 1348 3174 illo
1371 3129 1441 3174 coe·

247 3279 252 3290 ,
294 3217 395 3284 nobio
418 3213 448 3282 S.
469 3214 664 3283 Columbaui
682 3215 845 3300 Bobicnsi‚
869 3217 960 3282 cuius
984 3220 1133 3282 accurate
1156 3215 1370 3300 perscriptam
1392 3215 1440 3279 hi·

297 3323 432 3389 storiam
455 3322 617 3388 Amedeus
640 3321 770 3407 Peyron
794 3321 960 3389 Ciceronis
988 3323 1173 3389 orationum
1201 3321 1393 3406 fragmentis
1422 3343 1442 3396 a

296 3435 400 3496 semet
417 3429 512 3496 editis
531 3429 713 3520 praemisit:
736 3429 771 3496 in
789 3429 1009 3496 Ambrosiana
1031 3428 1240 3513 bybliotheca
1262 3429 1305 3494 ab
1328 3428 1442 3494 eodem

296 3537 392 3604 Miro
419 3539 566 3620 repertae
594 3537 627 3598 et
657 3535 766 3620 aliqua
794 3539 949 3620 exparte
972 3535 1259 3620 descriptaslibro
1283 3535 1442 3621 singulari

295 3643 472 3708 Mediolani
499 3663 585 3707 anno
613 3641 710 3708 huius
739 3642 860 3709 saeculi
889 3641 952 3707 XV
981 3642 1101 3708 emisso
1130 3641 1189 3708 ‘M.
1212 3641 1304 3708 Accii
1331 3641 1441 3708 Plauti

295 3750 479 3836 fragmenta
502 3747 640 3814 incdita'
664 3771 691 3815 e.
714 3772 744 3834 q.
769 3771 806 3816 s:
839 3750 943 3816 denuo
967 3773 988 3815 a
1010 3772 1063 3816 me
1085 3753 1304 3834 pertractatae
1327 3753 1361 3814 et
1383 3747 1441 3814 ali·

221 3879 282 3922 vm
295 3845 416 3945 quanto
439 3857 565 3942 plenius
590 3856 769 3942 descriptae
792 3857 826 3923 in
849 3857 990 3941 epistula
1011 3855 1248 3924 Mediolanensi
1271 3855 1312 3921 ed
1336 3853 1441 3922 Godo·

295 3965 422 4032 fredum
441 3963 666 4030 Hermannum
688 3961 773 4048 data,
797 3985 879 4049 quae
902 3964 936 4029 in
955 3961 1089 4030 Diurnis
1113 3962 1305 4049 antiquariis
1325 3959 1441 4026 Darm-

295 4071 512 4139 stadiensibus
536 4071 612 4136 anni
636 4087 917 4137 01010000xxxv11
940 4094 970 4156 p.
991 4071 1053 4136 737
1071 4091 1140 4156 sqq.
1161 4071 1218 4152 [=
1233 4068 1349 4153 Opusc.
1363 4069 1442 4152 phil.

295 4179 328 4245 ΙΙ
350 4203 381 4265 p.
407 4177 469 4244 166
484 4180 567 4262 sqq]
591 4176 718 4263 legitur.
766 4177 943 4242 Pristinam
967 4176 1087 4242 codicis
1111 4177 1320 4261 scripturam,
1343 4197 1441 4260 quam

295 4286 397 4352 nimia
419 4285 617 4350 liberalitate
645 4284 686 4350 ed
710 4284 949 4350 Antoninorum
977 4287 1117 4350 aetatem
1140 4284 1248 4350 Maius
1271 4281 1441 4366 referebat,

294 4393 415 4459 rectius
437 4391 635 4458 Nicbubrius
659 4389 776 4476 Opusc.
799 4390 875 4455 hist.
899 4397 932 4456 et
954 4391 1032 4476 phil.
1055 4391 1072 4456 l
1093 4415 1125 4476 p.
1142 4392 1205 4456 174
1228 4390 1347 4456 saeculi
1371 4409 1442 4454 esse

296 4499 400 4583 quinti
424 4497 518 4583 dixit,
547 4501 699 4582 potuerat
722 4497 861 4562 fortasse
885 4498 1006 4583 quarti:
1039 4497 1238 4564 simillimam
1263 4517 1334 4562 eam
1358 4496 1441 4562 anti-
