3306 5070
297 398 363 464 696
523 413 759 462 nanarurscuu
784 398 1003 481 ansoualdo,
1027 411 1216 475 nonnosus,

204 559 219 568 '
299 556 437 622 anobis
460 556 725 640 pronuntiatione
749 556 946 641 compellari.
982 554 1155 621 Habuistia
1175 578 1233 622 ros
1251 579 1317 622 nou
1336 557 1443 622 minua

298 686 395 749 quum
419 666 556 747 nosmet,
579 686 677 748 quam
701 664 785 729 aives
809 663 963 748 universi,
985 663 1071 748 quod
1091 685 1218 728 summa
1237 663 1330 729 vobis
1348 663 1442 728 bene·

298 757 371 835 ficia
400 769 725 854 congratularemini,
753 771 870 856 quibua
898 792 972 836 cum
1000 769 1141 856 reliquas
1169 774 1280 854 partes
1303 769 1443 836 civitatis

299 882 369 942 tum
385 877 504 942 almam
520 877 604 942 hano
618 877 801 943 litterarum
822 875 940 960 sedem,
963 877 1053 942 cuius
1073 877 1151 942 adeo
1172 876 1318 942 conditor
1336 875 1445 942 extitit

299 984 555 1068 liberalissimus,
574 980 583 1070 ll
607 982 819 1050 anumcvs
843 983 1048 1050 thnunuvs
1076 981 1125 1048 111
1149 981 1157 1070 ,J
1180 983 1249 1048 Rex
1270 982 1446 1068 Augustis-

300 1091 402 1156 aimua
428 1089 440 1176 l
466 1091 643 1156 cumulavit
675 1095 808 1156 aeterna
838 1113 925 1156 nunc
957 1094 1094 1156 naturae
1125 1089 1318 1156 necessitate
1349 1090 1445 1154 nobia

300 1199 457 1283 vobisque
476 1202 614 1282 ereptus.
643 1197 705 1274 Qui
724 1201 936 1282 posteaquam
955 1197 1066 1263 divino
1086 1197 1238 1263 beneficio
1253 1219 1312 1282 per
1330 1218 1445 1262 noram

301 1306 402 1370 ferme
430 1305 549 1388 lustra,
577 1326 652 1370 raro
680 1305 766 1370 inter
795 1303 950 1369 mortales
978 1304 1141 1388 exemplo,
1167 1303 1366 1388 reipublicae
1388 1325 1448 1389 gu·

303 1411 477 1476 bernaoula
504 1415 573 1476 tam
601 1415 635 1476 et
661 1410 793 1476 fortiter
816 1415 850 1476 et
872 1409 1034 1498 sapienter
1062 1414 1095 1478 et
1118 1409 1292 1476 clementer
1315 1415 1348 1476 et
1369 1431 1448 1476 vero

302 1517 440 1582 feliciter
462 1518 555 1604 rexit,
579 1522 616 1582 ut
638 1539 697 1583 nec
719 1517 752 1581 in
778 1519 922 1582 extrema
947 1517 1073 1604 patriae
1092 1517 1278 1582 calamitate
1297 1521 1448 1583 constan·

302 1627 382 1690 tiam
411 1646 470 1690 nec
497 1623 532 1688 in
559 1645 714 1709 prospera
743 1645 849 1688 rerum
873 1623 1016 1689 omnium
1042 1623 1174 1688 fortuna
1196 1625 1449 1711 temperantiam

302 1729 510 1814 desiderares,
533 1751 634 1815 prope
658 1751 899 1795 consummasse
922 1731 1000 1796 boui
1023 1731 1180 1816 principis
1204 1731 1380 1817 imaginem
1403 1731 1450 1796 vi·

304 1837 373 1903 deri
397 1839 514 1922 potest
561 1835 651 1902 Talis
680 1837 767 1922 regia
795 1841 832 1902 ut
854 1837 942 1922 piam
967 1841 1159 1923 gratamque
1183 1838 1374 1903 memoriam
1396 1860 1451 1903 co-

302 1946 393 2030 latis,
420 1966 486 2010 non
513 1944 592 2010 eatis
620 1943 784 2030 monendi,
813 1945 1063 2011 commilitones:
1091 1945 1199 2030 exiget
1227 1945 1312 2010 enim
1340 1944 1403 2008 hoe
1429 1966 1451 2008 a

303 2052 396 2117 vobis
418 2053 526 2116 vester
549 2051 694 2136 ipsorum
717 2053 859 2117 affectus.
903 2051 964 2128 Qui
989 2052 1260 2139 quemadmodum
1284 2051 1379 2116 triste
1398 2049 1451 2112 de·

304 2158 458 2223 siderium
482 2155 736 2223 Clementiasimi
758 2157 859 2242 Regis
884 2157 953 2223 vita
982 2159 1078 2224 modo
1107 2158 1250 2224 defuncti
1282 2156 1451 2222 nobiscum

303 2265 564 2349 communicatis,
592 2265 640 2330 ita
669 2264 795 2329 advos
818 2287 884 2330 non
908 2265 1015 2330 minus
1038 2287 1135 2350 quam
1159 2265 1199 2330 ad
1222 2264 1366 2350 reliquos
1389 2262 1452 2326 Bo·

303 2393 414 2437 rusaoa
438 2371 598 2456 pertinere
622 2393 693 2436 eam
717 2371 971 2455 venerationem,
999 2373 1183 2456 caritatem,
1212 2369 1452 2437 oboedientiam

305 2478 557 2562 arbitrabimini,
571 2499 652 2563 quae
667 2476 733 2543 iam
746 2474 757 2566 ll
773 2477 858 2564 Regi
872 2478 1114 2564 Angustissimo
1134 2477 1143 2564 i]
1161 2477 1355 2543 Fmoumoo
1370 2473 1453 2540 Gul-

304 2601 424 2650 Lnnuo
447 2583 513 2649 llll
535 2581 545 2670 ll
567 2584 702 2649 debetur
728 2605 795 2649 non
822 2584 914 2669 regni
941 2588 1085 2670 tantum,
1113 2584 1170 2650 sed
1199 2585 1297 2648 etiam
1321 2582 1453 2648 virtutis

304 2697 460 2776 paternae
475 2693 508 2754 et
522 2689 642 2755 amoris
657 2690 825 2774 popularis
840 2689 960 2755 heredi.
988 2689 1088 2757 Cuius
1103 2691 1281 2776 ingenium,
1295 2690 1453 2774 doctrina,

305 2797 491 2863 humanitas
506 2817 570 2880 quo
589 2795 729 2861 laetiora
747 2796 871 2880 sperari
890 2796 969 2882 ipsis
988 2796 1108 2862 litteris
1127 2796 1454 2882 artibusqueiubent,

308 2927 347 2971 eo
367 2903 473 2989 magis
496 2903 641 2968 restrum
665 2924 734 2967 ease
757 2902 983 2968 intellexeritis
1006 2923 1117 2986 preces
1142 2905 1175 2966 et
1198 2907 1274 2968 vota
1293 2925 1330 2967 ex
1349 2901 1451 2967 animi
1514 2961 1526 2976 ,

308 3011 470 3077 sententia
492 3010 596 3074 facere
621 3031 679 3094 pro
704 3009 808 3074 solute
831 3008 938 3074 Patris
961 3007 1101 3092 Patriae,
1124 3009 1174 3073 cui
1190 3007 1277 3074 Deua
1293 3009 1453 3094 Optumus

307 3117 477 3183 Maxumus
505 3115 588 3182 laxit
614 3116 662 3182 uti
690 3116 783 3181 bouis
813 3116 977 3182 ominibus
1001 3121 1151 3200 suscepto
1178 3117 1316 3202 imperio
1344 3115 1453 3180 felicia

306 3225 415 3290 fausta
438 3224 605 3289 fortunata
628 3245 773 3310 quaeque
796 3224 956 3291 eveniant.
992 3221 1116 3289 Valete.

396 3329 462 3396 Ser.
486 3329 619 3396 Bonnae
643 3328 742 3394 Vllll
770 3329 843 3395 Kal.
865 3329 924 3396 lul.
948 3353 976 3395 a.
1000 3345 1268 3398 mmdcccxxxii.

774 3543 986 3554 *-

865 3635 999 3750 2..

308 3827 513 3911 Anachlag
540 3826 605 3891 der
632 3825 784 3892 Bonnar
806 3827 1054 3893 universitas
1081 3827 1143 3891 bei
1173 3827 1256 3892 dem
1284 3829 1457 3913 preusai·

603 3932 719 3999 achon
741 3933 1041 3998 Thronwaohsel
1068 3934 1163 3999 1861.

398 4076 516 4142 Rector
540 4079 573 4140 et
595 4073 733 4141 Senatus
751 4076 762 4159 l
782 4075 1013 4140 Vniveraitatis
1031 4074 1225 4142 Fridericiae
1244 4077 1457 4166 Guilelmiaell

308 4185 486 4250 Rhenauae
503 4183 514 4266 l
532 4179 817 4248 commilitonibus
834 4181 845 4264 l
863 4179 894 4245 S.

399 4291 470 4368 Quo
497 4312 584 4356 nunc
610 4290 700 4355 luctu
728 4289 921 4373 gravissimo
945 4289 1053 4374 patria
1075 4290 1226 4354 universa
1249 4290 1372 4354 afflicta
1395 4294 1458 4376 est,

310 4398 379 4463 eins
398 4419 546 4462 caussam
566 4395 773 4480 praecipuam
792 4396 984 4482 intellegitis
1004 4396 1044 4461 ad
1063 4418 1124 4461 nos
1144 4417 1264 4479 vosque
1282 4397 1457 4482 pertinere,

310 4503 366 4590 qui
380 4503 543 4570 communi
558 4503 722 4569 consortio
742 4503 846 4570 almae
860 4501 1056 4570 Fridericiaa
1071 4501 1263 4568 Guilelmiae
1278 4501 1454 4569 Rhauanaa
