3306 5070
445 389 739 438 uerrunrrroumu
762 389 836 438 uun
860 375 1068 438 laumense.
1266 373 1329 436 709

188 531 358 598 admiratio
388 531 495 597 effecit
524 537 561 598 ut
590 533 628 598 de
663 533 827 598 communi
859 531 988 597 Ordinis
1025 530 1188 596 sententia
1194 581 1204 616 ,
1238 531 1329 596 cuius

188 642 225 704 ut
250 660 382 704 munera
410 638 458 704 ita
488 637 598 704 studia
626 638 775 723 proximo
799 661 872 704 eum
898 637 982 704 Tum
1007 637 1174 703 affinitatis
1200 637 1328 704 vinculo

188 745 409 830 continentur,
446 744 497 809 his
528 745 606 810 Tim
636 745 770 830 litteris,
807 746 858 809 air
894 743 1023 828 eximie,
1060 748 1093 811 ct
1124 743 1329 810 sollemnium

189 850 541 937 quinquagenariorum
564 849 755 917 felicitatem
779 873 817 916 ex
836 851 947 916 animo
967 851 1275 935 congratularemur,
1297 854 1330 916 et

189 979 248 1041 pro
271 979 346 1022 cara
368 956 464 1022 nobis
488 957 592 1023 salute
607 958 682 1023 ΤνΔ
705 963 783 1024 vota
800 957 1006 1043 pientissima
1024 957 1274 1042 conciperemus,
1297 962 1331 1023 et

188 1086 368 1149 propensae
395 1063 555 1130 voluntati
579 1064 677 1129 Tune
705 1086 765 1130 nos
792 1085 909 1148 resque
936 1067 1065 1128 nostras
1088 1087 1162 1129 oum
1185 1065 1329 1130 reveren·

187 1171 252 1236 tiae
283 1170 512 1236 testificatione
545 1171 718 1236 duraturae
755 1170 1063 1236 commendaremus.
1118 1170 1211 1248 Quod
1240 1169 1329 1236 Deus

188 1276 339 1361 Optimus
362 1275 524 1342 Maximus
553 1277 634 1342 bene
657 1279 763 1342 vertat
790 1281 824 1342 et
846 1277 923 1342 felix
945 1276 1090 1342 faustum
1113 1276 1329 1342 fortunatum·

187 1405 249 1468 quc
272 1405 343 1448 esse
366 1384 483 1450 iubeat
528 1382 620 1448 Vale.

277 1490 399 1556 Datum
423 1490 556 1556 Bonnac
579 1489 690 1555 Idibus
714 1488 817 1554 Iuniis
841 1489 917 1554 anni
942 1505 1195 1556 clomcocuvnr.

695 1739 832 1746 -—.--.-—-—
840 1739 863 1744 --

736 1917 785 1978 11.
830 1889 835 1892 ’

189 2055 679 2121 Gratulationssehreiben
705 2055 770 2119 des
800 2054 962 2120 Senates
992 2054 1056 2119 der
1084 2053 1330 2122 Universitiit

223 2163 333 2227 Bonn
360 2184 402 2226 zu
431 2163 514 2228 dem
537 2161 872 2246 funfzigjihrigen
896 2161 1294 2245 Professorjubiliium

346 2268 381 2334 F.
405 2267 443 2332 G.
467 2267 664 2333 Welelrer’s
687 2290 745 2332 am
772 2269 822 2332 16.
846 2266 1013 2334 October
1039 2265 1170 2352 1859.*)

276 2428 395 2494 Rector
423 2433 456 2494 et
479 2427 619 2494 Senatus
637 2428 647 2511 ΙΙ
665 2427 897 2493 Vniversitatis
920 2425 1115 2492 Fridericiae
1139 2427 1330 2494 Guilelmiae

187 2535 363 2602 Rhenanus
380 2535 391 2618 ΙΙ
410 2533 544 2600 S·P·D
562 2535 573 2619 ΙΙ
590 2534 754 2600 Friderico
775 2533 955 2618 Theophilo
972 2531 1143 2599 Welckero
1161 2534 1172 2618 ΙΙ
1191 2535 1259 2600 viro
1282 2537 1330 2602 in·

189 2643 387 2709 lustrissimo
411 2643 492 2707 bene
515 2640 755 2706 merentissimo
773 2641 785 2724 ΙΙ
802 2642 955 2728 conlegae
978 2640 1200 2708 dilectissimo.

277 2767 340 2845 Qui
370 2787 444 2832 rara
473 2765 559 2830 inter
589 2765 743 2830 mortales
772 2765 927 2831 felicitate
956 2766 1235 2851 auspicatissimus
1264 2765 1329 2832 iam

191 2873 267 2938 Tfflr
297 2871 365 2936 dies
394 2871 528 2936 obortus
551 2875 615 2956 est,
647 2873 788 2956 suseepti
812 2874 887 2936 ante
909 2871 990 2938 haec
1012 2872 1122 2938 decem
1145 2873 1250 2938 lustra
1273 2896 1330 2958 pu·

191 2979 268 3045 blici
292 2977 434 3043 muneris
458 2977 552 3042 testis
576 2977 789 3063 laetissimus,
812 3000 885 3043 cum
909 2979 949 3044 ad
973 2980 1114 3063 patriam
1137 2980 1331 3065 universam,

189 3087 289 3151 immo
318 3084 358 3149 ad
386 3083 499 3150 orbem
528 3087 688 3149 terrarum
716 3084 859 3169 pertinet
886 3084 997 3168 aliqua
1023 3084 1226 3149 humanitate
1249 3085 1329 3151 tino-

188 3197 272 3276 tum,
302 3195 372 3256 tum
400 3190 497 3276 longe
525 3190 624 3256 etiam
651 3190 815 3276 propioris
843 3190 1078 3257 communionis
1102 3191 1229 3256 vinculo
1257 3213 1330 3256 cum

143 3307 145 3312 '
188 3298 310 3366 nostris
342 3301 375 3363 et
404 3295 583 3362 rationibus
614 3301 647 3362 et
677 3296 825 3362 sensibus
854 3297 1047 3362 continetur.
1092 3295 1224 3362 Litteris
1253 3297 1331 3382 quid

190 3405 351 3492 profueris
375 3407 409 3470 ct
431 3403 606 3486 doctrinae,
628 3403 709 3469 satis
733 3404 788 3468 alii
811 3402 1048 3488 praedicabunt
1069 3424 1169 3487 penes
1194 3425 1274 3488 quos
1298 3404 1331 3470 in

188 3512 249 3578 hoc
274 3533 391 3598 genere
414 3511 569 3576 iudicium
593 3514 656 3575 est:
706 3511 939 3593 praedicabunt
953 3507 1120 3574 Musarum
1140 3529 1330 3595 graecarum

189 3621 399 3704 interpretem
423 3621 456 3684 et
479 3621 644 3702 tamquam
668 3621 776 3682 vatem
793 3617 903 3682 divino
923 3616 1041 3701 spintu
1060 3616 1217 3703 efflatum,
1240 3618 1331 3684 euius

190 3747 256 3792 non
288 3723 462 3789 eruditioni
495 3728 622 3790 tantum
656 3723 815 3809 singulari
848 3723 1013 3808 miraeque
1046 3723 1233 3808 sagacitati,
1275 3723 1331 3788 scd

190 3831 373 3898 sublimiori
405 3830 524 3898 fervori
556 3830 806 3916 ingeniosaeque
839 3829 1043 3916 simplicitati
1076 3851 1149 3895 oum
1182 3833 1330 3894 aeternos

191 3943 396 4006 aeternorum
419 3942 588 4022 poetarum
612 3936 667 4002 diu
690 3937 836 4002 occlusos
859 3937 969 4003 fontes
987 3935 1130 4002 reclusos
1149 3935 1332 4019 debeamus,

189 4050 260 4111 tum
288 4049 403 4130 operte
431 4045 510 4110 artis
539 4043 609 4110 sine
636 4043 784 4129 exemplo
808 4043 992 4127 praeclarae
1015 4043 1196 4126 penetralia
1218 4046 1332 4126 aperta

190 4173 337 4236 novaque
365 4151 398 4215 in
426 4152 496 4216 luce
524 4150 708 4234 conlocata,
735 4153 805 4215 tum
834 4149 946 4216 abdita
969 4154 1002 4215 et
1024 4147 1177 4233 perplexa
1198 4149 1331 4214 deorum

189 4311 401 4322 —ae——a

296 4399 323 4467 *)
347 4395 467 4469 [Bereits
489 4393 666 4466 abgcdruokt
688 4353 718 4450 in
741 4394 796 4451 den
817 4395 914 4454 Jahrb.
938 4395 958 4451 f.
982 4393 1063 4452 class.
1083 4391 1240 4465 Philologie
1261 4399 1330 4452 1860

188 4507 216 4560 p.
238 4493 270 4544 10
284 4487 303 4544 f.
340 4485 369 4542 C.
388 4484 444 4556 W.]
