3318 5072
532 431 797 481 arrnroarronrs
822 431 1026 481 rcavrrrlu.
1285 417 1348 480 497

208 580 335 642 sertum
362 577 486 661 pedem.
532 577 603 642 Hac
632 578 733 662 igitur
756 577 957 662 condicione,
985 581 1082 640 utne
1107 577 1233 661 integro
1258 597 1350 640 roca-

208 683 284 748 bulo
309 688 501 768 anapaestus
525 681 604 768 (nisi
627 685 661 748 in
685 685 791 768 primo
810 682 904 770 pede)
924 684 1150 765 contineretur,
1173 704 1214 746 ne
1238 682 1351 746 binos

207 789 335 874 quidem
359 795 596 874 anapaestos
620 791 826 856 continuos
850 812 903 854 ars
927 789 1134 874 improbavit.
1168 787 1260 863 Quod
1284 789 1351 873 qui·
1367 815 1483 855 conxxr

207 896 279 960 dem
303 897 504 981 frequentius
532 919 630 982 quam
652 898 687 962 in
711 897 785 962 aliis
808 898 890 964 locis
913 897 1035 962 factum
1060 896 1166 960 estin
1190 895 1295 978 primo
1320 901 1352 960 et

208 1003 346 1068 secundo
369 1004 458 1088 pede,
483 1007 518 1067 ut
542 1004 629 1068 Trin.
649 1005 711 1070 140
734 1003 860 1087 Sutiyis
882 1003 1060 1084 maledictis,
1083 1003 1147 1066 431
1173 1003 1302 1067 Mt'scrc't
1325 1007 1352 1065 te

207 1111 350 1190 otiorum,
373 1111 436 1176 457
462 1111 547 1175 Atta
570 1110 642 1174 hinc
663 1113 797 1189 dierecte,
821 1109 886 1174 515
912 1110 982 1174 Titi
1004 1110 1078 1192 epea
1100 1094 1263 1186 rationem,
1288 1109 1351 1172 735

214 1216 253 1280 Vt
278 1216 346 1281 ecim
372 1219 439 1283 sine
468 1219 548 1296 dote,
586 1217 649 1281 752
681 1217 839 1294 Minucii,
867 1218 1004 1280 minume
1029 1215 1126 1280 hercle
1153 1215 1257 1302 (quod
1286 1238 1350 1280 non

209 1327 278 1387 erat
301 1323 568 1408 sollicitandum),
593 1325 656 1388 774
679 1324 726 1388 Et
747 1325 815 1388 etita
837 1324 1018 1401 rediturum,
1042 1323 1106 1388 809
1130 1322 1278 1405 Lepiddst
1295 1323 1353 1387 ilio

208 1449 315 1508 causo,
342 1431 420 1494 item
443 1430 559 1496 Bacch.
588 1431 649 1496 155
674 1433 766 1512 [186]
795 1429 924 1514 Pereyre
945 1430 1135 1508 admicuit,
1168 1429 1232 1494 258
1259 1430 1350 1510 [290]

210 1537 314 1618 Neque
335 1538 409 1602 5555
431 1557 525 1618 mosee
546 1539 640 1615 uenti,
663 1537 727 1602 276
749 1537 842 1618 [308]
868 1537 944 1617 0515
967 1538 1036 1600 istic
1056 1537 1252 1602 Theotimust.
1283 1533 1353 1601 Nec

208 1649 319 1709 tamen
351 1645 485 1709 eandem
518 1644 770 1728 geminationem
802 1643 854 1708 vel
893 1643 1049 1708 secundus
1086 1644 1264 1727 tertiusque
1301 1643 1351 1708 vel

208 1756 341 1835 quartus
374 1771 445 1815 curn
480 1751 594 1835 quinto
627 1773 684 1834 pes
716 1753 909 1834 respuerunt
940 1747 1030 1833 (nam
1058 1751 1146 1816 tertii
1181 1751 1352 1834 quartique

207 1857 334 1922 nullum
365 1858 547 1941 exemplum
581 1858 615 1921 in
642 1861 794 1941 promptu
824 1855 897 1938 est).
942 1855 1026 1920 Illud
1049 1861 1213 1922 testantur
1237 1855 1352 1920 Bacch.

209 1964 282 2028 828.
309 1964 394 2029 1035
419 1965 506 2046 [867.
533 1964 644 2044 10741

297 2070 384 2134 Dum
407 2074 447 2136 ne'
471 2071 643 2151 rrmnstfesto
665 2070 817 2134 hominem
840 2069 1000 2154 o'pprimat
1022 2091 1102 2133 neue
1126 2069 1259 2134 enicet·

298 2177 523 2242 Verumtamen
545 2177 734 2258 occipic'utur
758 2177 863 2242 mulso
887 2174 1025 2240 milites:

208 2320 270 2384 hoc
292 2320 380 2387 Trin.
400 2320 472 2386 737.
504 2319 621 2384 Bacch.
643 2322 714 2384 121.
740 2321 803 2385 819
829 2319 916 2400 [151.
940 2321 1032 2401 858]ε

299 2461 345 2526 Te
368 2463 398 2526 ei
422 2459 523 2526 dicas:
548 2461 654 2526 facere
677 2462 709 2525 id
734 2463 801 2526 eius
826 2463 862 2526 ob
885 2462 1057 2526 5555111551
1080 2463 1191 2546 patris.

298 2567 481 2653 Magistron
506 2591 700 2654 quemquam
724 2567 911 2652 discipulum
933 2569 1134 2634 minitdrier?

298 2673 383 2740 Nam
403 2675 440 2740 ui
456 2697 517 2760 ego
537 2677 696 2761 exsolnor,
715 2677 779 2740 ie‘un
798 2677 970 2757 rimoofesto
991 2675 1145 2740 hominem
1163 2677 1330 2762 dpprimet.

210 2816 320 2892 Quid?
365 2819 450 2903 quod
493 2841 534 2884 ne
575 2829 640 2884 tres
683 2819 812 2904 quidem
848 2821 1019 2884 continuos
1055 2818 1191 2884 Plautus
1228 2819 1353 2904 defugit

209 2922 298 2989 Tria.
323 2925 403 2988 759:

298 3029 401 3094 Potin’
425 3033 649 3097 chlodomiro
672 3033 817 3098 alictinde
841 3030 989 3099 exorari?
1026 3032 1152 3099 Potest:

210 3171 264 3236 ubi
289 3173 351 3237 etsi
375 3194 440 3237 non
463 3174 664 3239 incommode
688 3175 726 3238 de
750 3174 1002 3260 transpositione
1025 3176 1163 3261 cogites:
1187 3173 1290 3240 Potin'
1309 3177 1354 3240 est

209 3280 351 3344 alicunde
373 3281 497 3344 cedrum
518 3281 557 3344 ot
579 3281 692 3358 551156,
719 3285 830 3345 tamen
856 3281 949 3346 illum
973 3281 1119 3347 ordinem
1142 3303 1208 3348 non
1233 3282 1352 3372 medio-

119 3445 123 3452 .
210 3385 307 3450 criter
331 3386 535 3450 commendat
557 3387 628 3471 ipse
650 3386 843 3471 praecedens
867 3410 992 3454 versus:

299 3528 349 3592 Ao
371 3533 470 3594 amico
492 3527 636 3594 attonde
661 3532 808 3595 mutuom
832 3535 1003 3615 argentum
1027 3552 1148 3616 rogem,

210 3670 260 3734 cui
284 3691 357 3734 eum
381 3671 436 3755 qui
461 3672 606 3756 sequitur
628 3671 736 3736 dedita
761 3693 858 3756 opera
881 3673 995 3737 referri
1018 3678 1162 3758 apparet.

298 3775 374 3842 Non
393 3777 520 3843 diversa
538 3779 621 3844 ratio
640 3778 789 3862 dactyli
810 3777 844 3842 in
863 3779 1076 3844 trochaicis
1095 3781 1242 3846 versibus
1263 3781 1353 3867 (nam

210 3883 248 3948 de
276 3889 452 3969 anapaesto
480 3885 513 3948 iu
540 3885 713 3952 trochaicis
741 3907 807 3951 non
835 3885 908 3968 plus
939 3909 1020 3972 opus
1049 3892 1100 3952 est
1128 3889 1232 3954 dicere
1256 3911 1353 3973 quam

210 3991 249 4054 de
279 3991 407 4076 dactylo
435 3993 471 4056 in
500 3993 647 4058 iambicis
677 3994 727 4058 vel
756 3995 794 4058 de
818 3995 982 4060 tribracho
1005 3995 1040 4058 in
1063 3995 1233 4081 utrisque).
1278 3995 1353 4059 Non

210 4097 329 4163 idcirco
354 4103 410 4162 ant
432 4120 507 4162 rara
530 4102 586 4162 aut
609 4105 760 4183 suspecta
783 4101 839 4165 illa
863 4103 1010 4187 exempla
1028 4101 1158 4165 fuerunt
1176 4105 1213 4164 ut
1230 4101 1353 4182 quondo

210 4210 322 4287 eportet
347 4205 477 4270 memini
501 4205 579 4268 mihi
605 4205 639 4269 in
667 4207 754 4270 exitu
783 4207 973 4290 septenarii,
1005 4207 1052 4271 rel
1084 4206 1226 4270 eiusdem
1256 4205 1351 4271 initio
1366 4231 1494 4274 ocnxxn

211 4311 318 4376 Mrilto
339 4312 433 4378 amul
454 4310 583 4394 ropitds,
608 4309 702 4376 Chiro
724 4313 819 4377 oculis
840 4312 941 4394 restim,
971 4311 1057 4396 quod
1080 4311 1150 4376 bini
1173 4335 1207 4376 se
1231 4311 1352 4397 dactyli

210 4418 407 4503 exciperent,
445 4418 501 4482 sed
534 4416 620 4502 quod
652 4417 738 4481 binis
771 4419 923 4502 oxytonis
955 4417 1088 4482 vocibus
1121 4419 1353 4504 comprehensi.

211 4523 300 4600 Quae
323 4527 406 4590 ratio
430 4524 486 4588 ubi
509 4525 615 4588 locum
637 4547 703 4590 ιιοιι
730 4525 835 4608 habet,
859 4525 939 4590 nihil
963 4525 1150 4590 offensionis
1174 4531 1224 4591 est
1243 4528 1275 4592 in
1295 4548 1353 4612 ge·

264 4647 305 4680 ra.
324 4645 473 4680 arnscannrr
492 4646 629 4682 orvsovna
648 4647 672 4682 v.
1105 4637 1138 4684 32
