3318 5072
766 1268 858 1352 XII.

544 1440 834 1544 Philologieche
862 1439 1078 1525 Miscellen.

797 1769 823 1831 l.

238 1907 412 1974 Vorrcde
449 1930 493 1972 zu
530 1907 596 1971 der
632 1905 811 1993 Ausgabe
849 1906 1134 1991 ‘Xenophontis
1171 1907 1382 1994 Expeditio

238 2013 338 2098 Cyri.
372 2014 495 2080 editio
524 2018 662 2100 quarta
697 2015 946 2080 emendatior.
981 2013 1089 2079 Halis
1118 2012 1310 2080 Saxonum
1344 2016 1383 2081 in

405 2122 572 2189 libraria
596 2121 938 2208 orphanotrophei.
962 2121 1211 2188 nucccxxxrv?

553 2295 821 2352 nlssnnnlvs
852 2295 1065 2352 LECTORI

796 2460 822 2509 S.

326 2585 514 2673 Langisnae
551 2584 702 2652 editionis
740 2586 888 2671 exempla
924 2585 1086 2652 Anabasis
1123 2583 1381 2671 Xenophontese
1394 2613 1415 2653 v

236 2714 308 2760 cnm
343 2693 501 2760 distracta
530 2698 654 2778 essent,
689 2693 778 2759 iliius
816 2697 926 2758 autem
961 2693 1250 2760 annotatiunculae
1283 2691 1379 2758 hodie

235 2823 300 2866 non
324 2801 487 2866 videretur
510 2799 669 2866 committi
692 2821 788 2884 posse
812 2802 849 2864 ut
876 2799 966 2884 typis
994 2803 1229 2885 repeterentur:
1257 2797 1379 2864 factum

236 2913 299 2990 est,
325 2889 475 2974 ut'nova
501 2907 607 2973 forma
634 2908 718 2972 liber
748 2907 891 2992 prodeat.
938 2906 1027 2984 Quae
1055 2927 1252 2992 quamquam
1275 2905 1380 2990 prima

236 3015 341 3099 specie
368 3034 427 3079 nec
459 3015 500 3079 ab
524 3014 658 3080 editoris
682 3015 841 3080 industria
864 3035 923 3080 nee
946 3015 988 3079 ab
1012 3014 1226 3080 scholasticae
1248 3012 1379 3078 institu-

235 3121 335 3185 tionis
362 3119 490 3187 ratione
517 3121 656 3186 multum
685 3121 905 3187 commendari
932 3121 1096 3204 videatur,
1123 3125 1233 3186 tamen
1266 3141 1379 3204 reapse

234 3231 449 3314 cognoscetur
472 3249 510 3292 eo
534 3232 567 3292 et
590 3228 698 3293 studio
722 3232 755 3293 et
778 3229 913 3294 consilio
933 3227 1084 3292 instituta
1106 3249 1186 3310 esse,
1209 3247 1273 3311 qno
1292 3225 1379 3291 hand

236 3334 346 3417 paullo
365 3333 528 3419 prioribus
547 3333 744 3400 fructuosior
763 3341 879 3420 quarta
897 3335 977 3400 haec
996 3334 1094 3399 editio
1114 3332 1262 3398 evaserit.
1293 3333 1378 3398 Nam

234 3459 307 3503 cum
336 3443 533 3506 resectamm
565 3441 814 3507 annotationum
842 3441 967 3507 iactura
998 3441 1114 3506 idoneo
1143 3440 1254 3525 aliquo
1282 3440 1378 3506 modo

234 3545 472 3628 compensanda
495 3549 589 3632 esset,
612 3547 660 3612 ita
681 3551 792 3612 tamen
816 3551 853 3612 ut
875 3553 1008 3632 propter
1027 3547 1220 3614 domesticas
1239 3545 1377 3631 discipu·

233 3651 340 3717 lorum
370 3652 513 3717 rationes
547 3675 648 3737 parvo
678 3653 763 3717 liber
795 3657 882 3718 esset
909 3653 1080 3737 parabilis:
1115 3653 1220 3720 risum
1246 3657 1298 3719 est
1331 3675 1377 3718 ss·

233 3759 351 3824 lectam
374 3757 553 3844 scripturae
576 3757 828 3843 discrepantiam
855 3757 988 3824 Graecis
1012 3759 1158 3826 subicere
1176 3760 1211 3825 in
1230 3760 1377 3846 margine

232 3866 383 3950 positam.
438 3863 531 3941 Quod
567 3887 632 3930 non
665 3864 850 3931 dubitamus
882 3867 962 3951 quin
993 3866 1128 3930 terroris
1165 3865 1377 3950 aliquantum,

233 3993 305 4037 cnm
325 3971 466 4057 primum
485 3971 656 4056 audierint,
674 3972 990 4057 intellegentissimis
1010 3973 1191 4058 quibusque
1213 3973 1260 4037 rei
1285 3971 1377 4038 scho-

232 4080 366 4146 lasticae
397 4077 556 4144 iudicibus
589 4079 783 4144 iniscturum
816 4079 875 4164 sit,
912 4080 1029 4165 quippe
1065 4079 1373 4164 perniciosissimam
1387 4105 1422 4146 vr

233 4186 416 4252 scholarum
440 4189 565 4270 pestem
588 4185 750 4270 quandam
779 4187 911 4252 criticae
940 4188 1021 4252 artis
1051 4187 1280 4252 tractationem
1312 4208 1376 4251 uno

233 4315 288 4359 ore
310 4292 600 4359 conclamantibus.
644 4293 713 4358 Nec
736 4293 822 4358 istud
846 4293 896 4358 illi
924 4315 1002 4358 sane
1025 4295 1197 4358 immerito.
1242 4291 1377 4358 Verum·

233 4400 396 4466 enimvero
424 4423 490 4466 non
518 4421 574 4465 eae
598 4399 767 4484 appositae
791 4403 867 4465 sunt
897 4399 1083 4485 scripturae,
1115 4420 1196 4484 quae
1227 4397 1376 4464 criticum

223 4531 327 4574 ¹usum
350 4506 506 4593 habeant,
534 4507 599 4592 rel,
627 4507 655 4572 si
680 4507 821 4593 quando,
844 4510 929 4574 certe
952 4528 1017 4573 non
1040 4507 1126 4592 quod
1150 4527 1222 4572 eum
1245 4505 1377 4590 habent,
