<?xml version="1.0" encoding="UTF-8"?>
<!DOCTYPE html PUBLIC "-//W3C//DTD XHTML 1.0 Transitional//EN"
    "http://www.w3.org/TR/xhtml1/DTD/xhtml1-transitional.dtd">
<html xmlns="http://www.w3.org/1999/xhtml" xml:lang="en" lang="en">
 <head>
  <title>
</title>
<meta http-equiv="Content-Type" content="text/html;charset=utf-8" />
  <meta name='ocr-system' content='tesseract 3.04.00' />
  <meta name='ocr-capabilities' content='ocr_page ocr_carea ocr_par ocr_line ocrx_word'/>
</head>
<body>
  <div class='ocr_page' id='page_1' title='image "./fridericiritsch07wachgoog_0357.png"; bbox 0 0 3338 5072; ppageno 0'>
   <div class='ocr_carea' id='block_1_1' title="bbox 252 369 1165 470">
    <p class='ocr_par' dir='ltr' id='par_1_1' title="bbox 252 369 1165 470">
     <span class='ocr_line' id='line_1_1' title="bbox 252 369 1165 470; baseline 0.002 -32"><span class='ocrx_word' id='word_1_1' title='bbox 252 465 256 470; x_wconf 21' lang='grc' dir='ltr'>Ι</span> <span class='ocrx_word' id='word_1_2' title='bbox 312 369 378 439; x_wconf 86' lang='grc'>340</span> <span class='ocrx_word' id='word_1_3' title='bbox 601 386 864 440; x_wconf 79' lang='lat' dir='ltr'>raonnaonnss</span> <span class='ocrx_word' id='word_1_4' title='bbox 887 389 934 439; x_wconf 84' lang='lat' dir='ltr'>ns</span> <span class='ocrx_word' id='word_1_5' title='bbox 957 389 1165 440; x_wconf 78' lang='lat' dir='ltr'>nnnromsvs</span> 
     </span>
    </p>
   </div>
   <div class='ocr_carea' id='block_1_2' title="bbox 305 533 1458 813">
    <p class='ocr_par' dir='ltr' id='par_1_2' title="bbox 305 533 1458 813">
     <span class='ocr_line' id='line_1_2' title="bbox 305 533 1458 621; baseline -0.002 -22"><span class='ocrx_word' id='word_1_6' title='bbox 305 536 479 617; x_wconf 72' lang='lat' dir='ltr'>promerita</span> <span class='ocrx_word' id='word_1_7' title='bbox 500 534 616 613; x_wconf 79' lang='lat' dir='ltr'>nostra,</span> <span class='ocrx_word' id='word_1_8' title='bbox 638 535 838 617; x_wconf 77' lang='lat' dir='ltr'><strong><em>aequiperare</em></strong></span> <span class='ocrx_word' id='word_1_9' title='bbox 860 535 896 600; x_wconf 87' lang='lat' dir='ltr'>n‘t</span> <span class='ocrx_word' id='word_1_10' title='bbox 915 555 1026 618; x_wconf 83' lang='lat' dir='ltr'>queam</span> <span class='ocrx_word' id='word_1_11' title='bbox 1046 535 1156 600; x_wconf 87' lang='lat' dir='ltr'>Vc&#39;rcor</span> <span class='ocrx_word' id='word_1_12' title='bbox 1179 534 1380 621; x_wconf 77' lang='lat' dir='ltr'>cogitatione</span> <span class='ocrx_word' id='word_1_13' title='bbox 1404 533 1458 599; x_wconf 91' lang='lat' dir='ltr'>ad·</span> 
     </span>
     <span class='ocr_line' id='line_1_3' title="bbox 311 639 1458 726; baseline 0.002 -22"><span class='ocrx_word' id='word_1_14' title='bbox 311 640 451 705; x_wconf 83' lang='lat' dir='ltr'>dandum</span> <span class='ocrx_word' id='word_1_15' title='bbox 474 663 544 706; x_wconf 88' lang='lat' dir='ltr'>esse</span> <span class='ocrx_word' id='word_1_16' title='bbox 567 663 603 706; x_wconf 85' lang='lat' dir='ltr'>ca</span> <span class='ocrx_word' id='word_1_17' title='bbox 624 641 840 726; x_wconf 89' lang='lat' dir='ltr'>intellegitur,</span> <span class='ocrx_word' id='word_1_18' title='bbox 862 645 895 706; x_wconf 90' lang='lat' dir='ltr'>et</span> <span class='ocrx_word' id='word_1_19' title='bbox 919 641 1062 707; x_wconf 89' lang='lat' dir='ltr'>ciusdem</span> <span class='ocrx_word' id='word_1_20' title='bbox 1080 644 1197 725; x_wconf 90' lang='lat' dir='ltr'>poetae</span> <span class='ocrx_word' id='word_1_21' title='bbox 1208 639 1300 724; x_wconf 87' lang='lat' dir='ltr'>apud</span> <span class='ocrx_word' id='word_1_22' title='bbox 1316 639 1458 706; x_wconf 86' lang='lat' dir='ltr'>Gellium</span> 
     </span>
     <span class='ocr_line' id='line_1_4' title="bbox 314 746 606 813; baseline 0 -1"><span class='ocrx_word' id='word_1_23' title='bbox 314 746 393 812; x_wconf 89' lang='lat' dir='ltr'>XIV</span> <span class='ocrx_word' id='word_1_24' title='bbox 417 771 442 813; x_wconf 94' lang='lat' dir='ltr'>c.</span> <span class='ocrx_word' id='word_1_25' title='bbox 468 751 484 812; x_wconf 90' lang='lat'>1</span> <span class='ocrx_word' id='word_1_26' title='bbox 510 770 606 813; x_wconf 84' lang='lat' dir='ltr'>versu</span> 
     </span>
    </p>
   </div>
   <div class='ocr_carea' id='block_1_3' title="bbox 400 889 1457 975">
    <p class='ocr_par' dir='ltr' id='par_1_3' title="bbox 400 889 1457 975">
     <span class='ocr_line' id='line_1_5' title="bbox 400 889 1457 975; baseline -0.002 -19"><span class='ocrx_word' id='word_1_27' title='bbox 400 890 487 956; x_wconf 74' lang='lat' dir='ltr'>Nam</span> <span class='ocrx_word' id='word_1_28' title='bbox 506 891 543 974; x_wconf 91' lang='lat' dir='ltr'>si,</span> <span class='ocrx_word' id='word_1_29' title='bbox 561 911 644 975; x_wconf 89' lang='lat' dir='ltr'>quae</span> <span class='ocrx_word' id='word_1_30' title='bbox 663 894 821 956; x_wconf 75' lang='lat' dir='ltr'>euentura</span> <span class='ocrx_word' id='word_1_31' title='bbox 841 895 926 975; x_wconf 86' lang='lat' dir='ltr'>sunt,</span> <span class='ocrx_word' id='word_1_32' title='bbox 944 889 1148 974; x_wconf 89' lang='lat' dir='ltr'>prouideant,</span> <span class='ocrx_word' id='word_1_33' title='bbox 1162 891 1372 975; x_wconf 74' lang='lat' dir='ltr'>aequiparent</span> <span class='ocrx_word' id='word_1_34' title='bbox 1384 889 1457 957; x_wconf 89' lang='lat' dir='ltr'>Ioui</span> 
     </span>
    </p>
   </div>
   <div class='ocr_carea' id='block_1_4' title="bbox 175 1031 1459 2293">
    <p class='ocr_par' dir='ltr' id='par_1_4' title="bbox 175 1031 1459 2293">
     <span class='ocr_line' id='line_1_6' title="bbox 175 1031 1459 1118; baseline 0.002 -22"><span class='ocrx_word' id='word_1_35' title='bbox 175 1056 298 1096; x_wconf 83' lang='lat' dir='ltr'>nxxxrv</span> <span class='ocrx_word' id='word_1_36' title='bbox 313 1033 407 1097; x_wconf 83' lang='lat' dir='ltr'>valde</span> <span class='ocrx_word' id='word_1_37' title='bbox 440 1033 654 1118; x_wconf 77' lang='lat' dir='ltr'><strong>probabiliter</strong></span> <span class='ocrx_word' id='word_1_38' title='bbox 682 1037 860 1098; x_wconf 89' lang='lat' dir='ltr'>correctum</span> <span class='ocrx_word' id='word_1_39' title='bbox 888 1035 938 1098; x_wconf 87' lang='lat' dir='ltr'>est</span> <span class='ocrx_word' id='word_1_40' title='bbox 965 1035 1164 1115; x_wconf 73' lang='lat' dir='ltr'>aequiperare.</span> <span class='ocrx_word' id='word_1_41' title='bbox 1211 1031 1274 1098; x_wconf 86' lang='lat' dir='ltr'>Sed</span> <span class='ocrx_word' id='word_1_42' title='bbox 1303 1037 1387 1118; x_wconf 89' lang='lat' dir='ltr'>esto,</span> <span class='ocrx_word' id='word_1_43' title='bbox 1409 1035 1459 1098; x_wconf 89' lang='lat' dir='ltr'>in-</span> 
     </span>
     <span class='ocr_line' id='line_1_7' title="bbox 312 1139 1458 1206; baseline -0.001 0"><span class='ocrx_word' id='word_1_44' title='bbox 312 1139 518 1206; x_wconf 86' lang='lat' dir='ltr'>transitivam</span> <span class='ocrx_word' id='word_1_45' title='bbox 542 1140 608 1204; x_wconf 90' lang='lat' dir='ltr'>vim</span> <span class='ocrx_word' id='word_1_46' title='bbox 632 1143 763 1205; x_wconf 86' lang='lat' dir='ltr'>tueatur</span> <span class='ocrx_word' id='word_1_47' title='bbox 786 1139 959 1204; x_wconf 85' lang='lat' dir='ltr'>Pacuvius:</span> <span class='ocrx_word' id='word_1_48' title='bbox 983 1143 1018 1204; x_wconf 88' lang='lat' dir='ltr'>at</span> <span class='ocrx_word' id='word_1_49' title='bbox 1041 1140 1088 1204; x_wconf 90' lang='lat' dir='ltr'>ita</span> <span class='ocrx_word' id='word_1_50' title='bbox 1110 1140 1144 1204; x_wconf 90' lang='lat' dir='ltr'>in</span> <span class='ocrx_word' id='word_1_51' title='bbox 1159 1139 1340 1205; x_wconf 87' lang='lat' dir='ltr'>Trinummi</span> <span class='ocrx_word' id='word_1_52' title='bbox 1363 1163 1458 1205; x_wconf 80' lang='lat' dir='ltr'>uersu</span> 
     </span>
     <span class='ocr_line' id='line_1_8' title="bbox 311 1244 1458 1331; baseline 0.002 -21"><span class='ocrx_word' id='word_1_53' title='bbox 311 1245 391 1310; x_wconf 87' lang='lat' dir='ltr'>illud</span> <span class='ocrx_word' id='word_1_54' title='bbox 421 1246 536 1311; x_wconf 83' lang='lat' dir='ltr'>saltem</span> <span class='ocrx_word' id='word_1_55' title='bbox 564 1269 629 1310; x_wconf 90' lang='lat' dir='ltr'>non</span> <span class='ocrx_word' id='word_1_56' title='bbox 656 1246 828 1311; x_wconf 86' lang='lat' dir='ltr'>tacendum</span> <span class='ocrx_word' id='word_1_57' title='bbox 852 1244 972 1328; x_wconf 86' lang='lat' dir='ltr'>fuerat,</span> <span class='ocrx_word' id='word_1_58' title='bbox 1004 1269 1086 1331; x_wconf 88' lang='lat' dir='ltr'>quae</span> <span class='ocrx_word' id='word_1_59' title='bbox 1108 1246 1239 1312; x_wconf 88' lang='lat' dir='ltr'>tandem</span> <span class='ocrx_word' id='word_1_60' title='bbox 1263 1247 1294 1312; x_wconf 91' lang='lat' dir='ltr'>h.</span> <span class='ocrx_word' id='word_1_61' title='bbox 1319 1270 1345 1313; x_wconf 90' lang='lat' dir='ltr'>e.</span> <span class='ocrx_word' id='word_1_62' title='bbox 1367 1247 1458 1313; x_wconf 83' lang='lat' dir='ltr'>cuiue</span> 
     </span>
     <span class='ocr_line' id='line_1_9' title="bbox 312 1351 1459 1439; baseline 0.003 -22"><span class='ocrx_word' id='word_1_63' title='bbox 312 1353 392 1417; x_wconf 89' lang='lat' dir='ltr'>fides</span> <span class='ocrx_word' id='word_1_64' title='bbox 409 1353 492 1418; x_wconf 89' lang='lat' dir='ltr'>nulli</span> <span class='ocrx_word' id='word_1_65' title='bbox 511 1351 727 1437; x_wconf 89' lang='lat' dir='ltr'>comparanda</span> <span class='ocrx_word' id='word_1_66' title='bbox 747 1357 843 1437; x_wconf 87' lang='lat' dir='ltr'>esset,</span> <span class='ocrx_word' id='word_1_67' title='bbox 862 1353 1067 1418; x_wconf 88' lang='lat' dir='ltr'>scribendum</span> <span class='ocrx_word' id='word_1_68' title='bbox 1085 1353 1188 1438; x_wconf 90' lang='lat' dir='ltr'>igitur</span> <span class='ocrx_word' id='word_1_69' title='bbox 1206 1359 1261 1420; x_wconf 82' lang='lat' dir='ltr'>tua</span> <span class='ocrx_word' id='word_1_70' title='bbox 1280 1377 1339 1439; x_wconf 92' lang='lat' dir='ltr'>pro</span> <span class='ocrx_word' id='word_1_71' title='bbox 1358 1377 1459 1434; x_wconf 76' lang='lat' dir='ltr'>acum,</span> 
     </span>
     <span class='ocr_line' id='line_1_10' title="bbox 312 1458 1459 1546; baseline 0.003 -22"><span class='ocrx_word' id='word_1_72' title='bbox 312 1463 446 1525; x_wconf 88' lang='lat' dir='ltr'>externa</span> <span class='ocrx_word' id='word_1_73' title='bbox 468 1460 699 1544; x_wconf 75' lang='lat' dir='ltr'>probabilitate</span> <span class='ocrx_word' id='word_1_74' title='bbox 724 1459 886 1525; x_wconf 87' lang='lat' dir='ltr'>mediocri.</span> <span class='ocrx_word' id='word_1_75' title='bbox 918 1458 1041 1524; x_wconf 88' lang='lat' dir='ltr'>Verum</span> <span class='ocrx_word' id='word_1_76' title='bbox 1064 1483 1106 1525; x_wconf 89' lang='lat' dir='ltr'>ne</span> <span class='ocrx_word' id='word_1_77' title='bbox 1129 1462 1176 1526; x_wconf 86' lang='lat' dir='ltr'>sic</span> <span class='ocrx_word' id='word_1_78' title='bbox 1198 1461 1327 1546; x_wconf 90' lang='lat' dir='ltr'>quidem</span> <span class='ocrx_word' id='word_1_79' title='bbox 1350 1463 1401 1527; x_wconf 84' lang='lat' dir='ltr'>vel</span> <span class='ocrx_word' id='word_1_80' title='bbox 1425 1464 1459 1528; x_wconf 87' lang='lat' dir='ltr'>in</span> 
     </span>
     <span class='ocr_line' id='line_1_11' title="bbox 311 1565 1457 1652; baseline 0.003 -20"><span class='ocrx_word' id='word_1_81' title='bbox 311 1565 500 1632; x_wconf 74' lang='lat' dir='ltr'>Plautinum</span> <span class='ocrx_word' id='word_1_82' title='bbox 527 1566 680 1652; x_wconf 89' lang='lat' dir='ltr'>loquendi</span> <span class='ocrx_word' id='word_1_83' title='bbox 708 1588 830 1631; x_wconf 89' lang='lat' dir='ltr'>morem</span> <span class='ocrx_word' id='word_1_84' title='bbox 858 1565 938 1631; x_wconf 89' lang='lat' dir='ltr'>illud</span> <span class='ocrx_word' id='word_1_85' title='bbox 966 1567 1131 1652; x_wconf 86' lang='lat' dir='ltr'>convenit,</span> <span class='ocrx_word' id='word_1_86' title='bbox 1163 1571 1200 1632; x_wconf 91' lang='lat' dir='ltr'>ut</span> <span class='ocrx_word' id='word_1_87' title='bbox 1227 1569 1310 1634; x_wconf 92' lang='lat' dir='ltr'>nulli</span> <span class='ocrx_word' id='word_1_88' title='bbox 1333 1568 1457 1635; x_wconf 90' lang='lat' dir='ltr'>homini</span> 
     </span>
     <span class='ocr_line' id='line_1_12' title="bbox 312 1670 1458 1760; baseline 0.001 -21"><span class='ocrx_word' id='word_1_89' title='bbox 312 1674 531 1759; x_wconf 88' lang='lat' dir='ltr'>comparanda</span> <span class='ocrx_word' id='word_1_90' title='bbox 554 1695 624 1738; x_wconf 88' lang='lat' dir='ltr'>esse</span> <span class='ocrx_word' id='word_1_91' title='bbox 640 1670 785 1738; x_wconf 83' lang='lat' dir='ltr'>Calliclis</span> <span class='ocrx_word' id='word_1_92' title='bbox 808 1673 887 1755; x_wconf 74' lang='lat' dir='ltr'>fides</span> <span class='ocrx_word' id='word_1_93' title='bbox 912 1671 1039 1738; x_wconf 89' lang='lat' dir='ltr'>dicatur</span> <span class='ocrx_word' id='word_1_94' title='bbox 1060 1697 1120 1760; x_wconf 88' lang='lat' dir='ltr'>pro</span> <span class='ocrx_word' id='word_1_95' title='bbox 1144 1675 1286 1760; x_wconf 85' lang='lat' dir='ltr'>eoquod</span> <span class='ocrx_word' id='word_1_96' title='bbox 1307 1680 1357 1742; x_wconf 89' lang='lat' dir='ltr'>est</span> <span class='ocrx_word' id='word_1_97' title='bbox 1372 1674 1458 1740; x_wconf 79' lang='lat' dir='ltr'>‘nul-</span> 
     </span>
     <span class='ocr_line' id='line_1_13' title="bbox 311 1779 1459 1872; baseline 0.003 -27"><span class='ocrx_word' id='word_1_98' title='bbox 311 1781 375 1846; x_wconf 88' lang='lat' dir='ltr'>lius</span> <span class='ocrx_word' id='word_1_99' title='bbox 399 1781 541 1847; x_wconf 90' lang='lat' dir='ltr'>hominis</span> <span class='ocrx_word' id='word_1_100' title='bbox 565 1779 665 1864; x_wconf 90' lang='lat' dir='ltr'>fidei&#39;,</span> <span class='ocrx_word' id='word_1_101' title='bbox 689 1781 739 1844; x_wconf 86' lang='lat' dir='ltr'>val</span> <span class='ocrx_word' id='word_1_102' title='bbox 762 1782 796 1844; x_wconf 91' lang='lat' dir='ltr'>in</span> <span class='ocrx_word' id='word_1_103' title='bbox 819 1779 1001 1872; x_wconf 82' lang='lat' dir='ltr'>legitimam</span> <span class='ocrx_word' id='word_1_104' title='bbox 1021 1781 1185 1866; x_wconf 88' lang='lat' dir='ltr'>cogitandi</span> <span class='ocrx_word' id='word_1_105' title='bbox 1204 1783 1365 1848; x_wconf 90' lang='lat' dir='ltr'>rationem</span> <span class='ocrx_word' id='word_1_106' title='bbox 1388 1783 1459 1868; x_wconf 91' lang='lat' dir='ltr'>hoc,</span> 
     </span>
     <span class='ocr_line' id='line_1_14' title="bbox 311 1886 1455 1974; baseline 0.001 -21"><span class='ocrx_word' id='word_1_107' title='bbox 311 1891 362 1973; x_wconf 88' lang='lat' dir='ltr'>ut,</span> <span class='ocrx_word' id='word_1_108' title='bbox 394 1887 484 1952; x_wconf 89' lang='lat' dir='ltr'>cuius</span> <span class='ocrx_word' id='word_1_109' title='bbox 515 1886 700 1971; x_wconf 87' lang='lat' dir='ltr'>praedicare</span> <span class='ocrx_word' id='word_1_110' title='bbox 733 1886 828 1950; x_wconf 90' lang='lat' dir='ltr'>fidem</span> <span class='ocrx_word' id='word_1_111' title='bbox 861 1887 1012 1972; x_wconf 85' lang='lat' dir='ltr'>velimus,</span> <span class='ocrx_word' id='word_1_112' title='bbox 1048 1889 1172 1955; x_wconf 87' lang='lat' dir='ltr'>nullius</span> <span class='ocrx_word' id='word_1_113' title='bbox 1205 1890 1455 1974; x_wconf 80' lang='lat' dir='ltr'>comparandam</span> 
     </span>
     <span class='ocr_line' id='line_1_15' title="bbox 312 1993 1456 2076; baseline 0.001 -15"><span class='ocrx_word' id='word_1_114' title='bbox 312 2017 382 2061; x_wconf 87' lang='lat' dir='ltr'>esse</span> <span class='ocrx_word' id='word_1_115' title='bbox 405 1995 480 2059; x_wconf 89' lang='lat' dir='ltr'>fidei</span> <span class='ocrx_word' id='word_1_116' title='bbox 504 1993 648 2058; x_wconf 90' lang='lat' dir='ltr'>dicamus</span> <span class='ocrx_word' id='word_1_117' title='bbox 673 1993 781 2076; x_wconf 88' lang='lat' dir='ltr'>potius</span> <span class='ocrx_word' id='word_1_118' title='bbox 805 2015 901 2076; x_wconf 91' lang='lat' dir='ltr'>quam</span> <span class='ocrx_word' id='word_1_119' title='bbox 928 1994 1050 2059; x_wconf 90' lang='lat' dir='ltr'>nullius</span> <span class='ocrx_word' id='word_1_120' title='bbox 1073 1995 1170 2060; x_wconf 88' lang='lat' dir='ltr'>fidem</span> <span class='ocrx_word' id='word_1_121' title='bbox 1193 2019 1265 2062; x_wconf 90' lang='lat' dir='ltr'>cum</span> <span class='ocrx_word' id='word_1_122' title='bbox 1289 1997 1347 2062; x_wconf 90' lang='lat' dir='ltr'>illa</span> <span class='ocrx_word' id='word_1_123' title='bbox 1370 2019 1456 2062; x_wconf 90' lang='lat' dir='ltr'>com-</span> 
     </span>
     <span class='ocr_line' id='line_1_16' title="bbox 310 2099 1454 2187; baseline 0 -21"><span class='ocrx_word' id='word_1_124' title='bbox 310 2101 497 2187; x_wconf 88' lang='lat' dir='ltr'>parandam.</span> <span class='ocrx_word' id='word_1_125' title='bbox 542 2099 612 2165; x_wconf 91' lang='lat' dir='ltr'>Hae</span> <span class='ocrx_word' id='word_1_126' title='bbox 640 2099 742 2184; x_wconf 88' lang='lat' dir='ltr'>igitur</span> <span class='ocrx_word' id='word_1_127' title='bbox 770 2121 821 2164; x_wconf 88' lang='lat' dir='ltr'>me</span> <span class='ocrx_word' id='word_1_128' title='bbox 845 2123 979 2166; x_wconf 87' lang='lat' dir='ltr'>caussae</span> <span class='ocrx_word' id='word_1_129' title='bbox 1002 2107 1174 2168; x_wconf 84' lang='lat' dir='ltr'>moverunt</span> <span class='ocrx_word' id='word_1_130' title='bbox 1197 2107 1233 2168; x_wconf 89' lang='lat' dir='ltr'>nt</span> <span class='ocrx_word' id='word_1_131' title='bbox 1256 2101 1454 2168; x_wconf 86' lang='lat' dir='ltr'>confidenter</span> 
     </span>
     <span class='ocr_line' id='line_1_17' title="bbox 312 2205 1009 2293; baseline -0.003 -19"><span class='ocrx_word' id='word_1_132' title='bbox 312 2209 357 2274; x_wconf 90' lang='lat' dir='ltr'>sic</span> <span class='ocrx_word' id='word_1_133' title='bbox 379 2229 564 2293; x_wconf 86' lang='lat' dir='ltr'>repararem</span> <span class='ocrx_word' id='word_1_134' title='bbox 587 2205 774 2272; x_wconf 86' lang='lat' dir='ltr'>Plautinam</span> <span class='ocrx_word' id='word_1_135' title='bbox 797 2207 1009 2293; x_wconf 85' lang='lat' dir='ltr'>elegantiam:</span> 
     </span>
    </p>
   </div>
   <div class='ocr_carea' id='block_1_5' title="bbox 379 2348 1459 2437">
    <p class='ocr_par' dir='ltr' id='par_1_5' title="bbox 379 2348 1459 2437">
     <span class='ocr_line' id='line_1_18' title="bbox 379 2348 1459 2437; baseline 0.003 -22"><span class='ocrx_word' id='word_1_136' title='bbox 379 2350 515 2427; x_wconf 83' lang='lat' dir='ltr'>Quoius</span> <span class='ocrx_word' id='word_1_137' title='bbox 537 2350 616 2415; x_wconf 89' lang='lat' dir='ltr'>fides</span> <span class='ocrx_word' id='word_1_138' title='bbox 639 2348 842 2433; x_wconf 88' lang='lat' dir='ltr'>fidelitasque</span> <span class='ocrx_word' id='word_1_139' title='bbox 866 2349 1006 2416; x_wconf 89' lang='lat' dir='ltr'>amicum</span> <span class='ocrx_word' id='word_1_140' title='bbox 1030 2373 1108 2437; x_wconf 86' lang='lat' dir='ltr'>erga</span> <span class='ocrx_word' id='word_1_141' title='bbox 1135 2352 1322 2437; x_wconf 88' lang='lat' dir='ltr'>aequiperet</span> <span class='ocrx_word' id='word_1_142' title='bbox 1350 2357 1459 2420; x_wconf 81' lang='lat' dir='ltr'>tuam.</span> 
     </span>
    </p>
   </div>
   <div class='ocr_carea' id='block_1_6' title="bbox 187 2490 1494 4175">
    <p class='ocr_par' dir='ltr' id='par_1_6' title="bbox 187 2490 1494 4175">
     <span class='ocr_line' id='line_1_19' title="bbox 310 2490 1455 2578; baseline -0.001 -19"><span class='ocrx_word' id='word_1_143' title='bbox 310 2493 445 2559; x_wconf 88' lang='lat' dir='ltr'>Nullam</span> <span class='ocrx_word' id='word_1_144' title='bbox 475 2496 584 2557; x_wconf 88' lang='lat' dir='ltr'>autem</span> <span class='ocrx_word' id='word_1_145' title='bbox 614 2491 712 2556; x_wconf 90' lang='lat' dir='ltr'>fidem</span> <span class='ocrx_word' id='word_1_146' title='bbox 742 2490 844 2556; x_wconf 88' lang='lat' dir='ltr'>habet</span> <span class='ocrx_word' id='word_1_147' title='bbox 874 2515 901 2556; x_wconf 88' lang='lat' dir='ltr'>v.</span> <span class='ocrx_word' id='word_1_148' title='bbox 928 2493 1012 2557; x_wconf 85' lang='lat'>1153</span> <span class='ocrx_word' id='word_1_149' title='bbox 1044 2491 1193 2559; x_wconf 89' lang='lat' dir='ltr'>aNonio</span> <span class='ocrx_word' id='word_1_150' title='bbox 1221 2494 1353 2578; x_wconf 90' lang='lat' dir='ltr'>prodita</span> <span class='ocrx_word' id='word_1_151' title='bbox 1381 2516 1455 2560; x_wconf 92' lang='lat' dir='ltr'>con·</span> 
     </span>
     <span class='ocr_line' id='line_1_20' title="bbox 312 2597 1455 2684; baseline 0.001 -20"><span class='ocrx_word' id='word_1_152' title='bbox 312 2599 449 2665; x_wconf 87' lang='lat' dir='ltr'>structio</span> <span class='ocrx_word' id='word_1_153' title='bbox 478 2600 612 2682; x_wconf 69' lang='lat' dir='ltr'>dipsas</span> <span class='ocrx_word' id='word_1_154' title='bbox 638 2599 751 2664; x_wconf 62' lang='lat' dir='ltr'>salutm</span> <span class='ocrx_word' id='word_1_155' title='bbox 773 2598 834 2680; x_wconf 91' lang='lat' dir='ltr'>[sic</span> <span class='ocrx_word' id='word_1_156' title='bbox 857 2597 988 2682; x_wconf 79' lang='lat' dir='ltr'>Trin.²],</span> <span class='ocrx_word' id='word_1_157' title='bbox 1020 2601 1167 2684; x_wconf 87' lang='lat' dir='ltr'>exemplo</span> <span class='ocrx_word' id='word_1_158' title='bbox 1190 2601 1224 2665; x_wconf 94' lang='lat' dir='ltr'>in</span> <span class='ocrx_word' id='word_1_159' title='bbox 1247 2605 1299 2666; x_wconf 87' lang='lat' dir='ltr'>tot</span> <span class='ocrx_word' id='word_1_160' title='bbox 1322 2600 1455 2665; x_wconf 89' lang='lat' dir='ltr'>milibus</span> 
     </span>
     <span class='ocr_line' id='line_1_21' title="bbox 311 2705 1457 2792; baseline -0.003 -19"><span class='ocrx_word' id='word_1_161' title='bbox 311 2729 444 2792; x_wconf 88' lang='lat' dir='ltr'>prorsus</span> <span class='ocrx_word' id='word_1_162' title='bbox 468 2707 633 2792; x_wconf 83' lang='lat' dir='ltr'>singulari.</span> <span class='ocrx_word' id='word_1_163' title='bbox 678 2705 801 2771; x_wconf 89' lang='lat' dir='ltr'>Natum</span> <span class='ocrx_word' id='word_1_164' title='bbox 828 2705 907 2770; x_wconf 87' lang='lat' dir='ltr'>illud</span> <span class='ocrx_word' id='word_1_165' title='bbox 931 2706 1004 2771; x_wconf 88' lang='lat' dir='ltr'>inde</span> <span class='ocrx_word' id='word_1_166' title='bbox 1028 2707 1128 2792; x_wconf 87' lang='lat' dir='ltr'>qnod,</span> <span class='ocrx_word' id='word_1_167' title='bbox 1162 2729 1236 2772; x_wconf 89' lang='lat' dir='ltr'>cum</span> <span class='ocrx_word' id='word_1_168' title='bbox 1259 2729 1353 2772; x_wconf 85' lang='lat' dir='ltr'>verus</span> <span class='ocrx_word' id='word_1_169' title='bbox 1378 2708 1457 2772; x_wconf 90' lang='lat' dir='ltr'>ordo</span> 
     </span>
     <span class='ocr_line' id='line_1_22' title="bbox 310 2812 1454 2897; baseline -0.003 -16"><span class='ocrx_word' id='word_1_170' title='bbox 310 2816 409 2881; x_wconf 74' lang='lat' dir='ltr'>alae</span> <span class='ocrx_word' id='word_1_171' title='bbox 439 2815 567 2896; x_wconf 62' lang='lat' dir='ltr'>dipem:</span> <span class='ocrx_word' id='word_1_172' title='bbox 599 2814 693 2877; x_wconf 76' lang='lat' dir='ltr'>imaro</span> <span class='ocrx_word' id='word_1_173' title='bbox 723 2835 800 2877; x_wconf 89' lang='lat' dir='ltr'>casu</span> <span class='ocrx_word' id='word_1_174' title='bbox 829 2812 979 2878; x_wconf 89' lang='lat' dir='ltr'>turbatus</span> <span class='ocrx_word' id='word_1_175' title='bbox 1009 2815 1043 2878; x_wconf 90' lang='lat' dir='ltr'>in</span> <span class='ocrx_word' id='word_1_176' title='bbox 1073 2815 1185 2897; x_wconf 65' lang='lat' dir='ltr'>danae</span> <span class='ocrx_word' id='word_1_177' title='bbox 1213 2815 1326 2880; x_wconf 70' lang='lat' dir='ltr'>salute·</span> <span class='ocrx_word' id='word_1_178' title='bbox 1358 2815 1454 2878; x_wconf 84' lang='lat' dir='ltr'>immo</span> 
     </span>
     <span class='ocr_line' id='line_1_23' title="bbox 311 2919 1456 3005; baseline -0.002 -19"><span class='ocrx_word' id='word_1_179' title='bbox 311 2921 497 3005; x_wconf 84' lang='lat' dir='ltr'>transisset,</span> <span class='ocrx_word' id='word_1_180' title='bbox 528 2919 693 2986; x_wconf 87' lang='lat' dir='ltr'>tollendus</span> <span class='ocrx_word' id='word_1_181' title='bbox 726 2941 797 2985; x_wconf 88' lang='lat' dir='ltr'>esse</span> <span class='ocrx_word' id='word_1_182' title='bbox 829 2919 938 2985; x_wconf 85' lang='lat' dir='ltr'>hiatus</span> <span class='ocrx_word' id='word_1_183' title='bbox 966 2919 1144 2985; x_wconf 85' lang='lat' dir='ltr'>videbatur.</span> <span class='ocrx_word' id='word_1_184' title='bbox 1190 2919 1393 3005; x_wconf 85' lang='lat' dir='ltr'>Quamquam</span> <span class='ocrx_word' id='word_1_185' title='bbox 1426 2921 1456 2985; x_wconf 92' lang='lat' dir='ltr'>ei</span> 
     </span>
     <span class='ocr_line' id='line_1_24' title="bbox 312 3026 1454 3112; baseline 0.001 -20"><span class='ocrx_word' id='word_1_186' title='bbox 312 3027 463 3111; x_wconf 90' lang='lat' dir='ltr'>scriptori</span> <span class='ocrx_word' id='word_1_187' title='bbox 489 3030 546 3112; x_wconf 90' lang='lat' dir='ltr'>qui</span> <span class='ocrx_word' id='word_1_188' title='bbox 573 3027 708 3093; x_wconf 90' lang='lat' dir='ltr'>nimiam</span> <span class='ocrx_word' id='word_1_189' title='bbox 732 3026 864 3091; x_wconf 90' lang='lat' dir='ltr'>omnino</span> <span class='ocrx_word' id='word_1_190' title='bbox 887 3026 984 3090; x_wconf 86' lang='lat' dir='ltr'>fidem</span> <span class='ocrx_word' id='word_1_191' title='bbox 1006 3026 1143 3108; x_wconf 89' lang='lat' dir='ltr'>habeas,</span> <span class='ocrx_word' id='word_1_192' title='bbox 1176 3049 1272 3111; x_wconf 89' lang='lat' dir='ltr'>quem</span> <span class='ocrx_word' id='word_1_193' title='bbox 1296 3027 1454 3093; x_wconf 87' lang='lat' dir='ltr'>demirare</span> 
     </span>
     <span class='ocr_line' id='line_1_25' title="bbox 312 3131 1452 3218; baseline -0.001 -19"><span class='ocrx_word' id='word_1_194' title='bbox 312 3137 410 3199; x_wconf 89' lang='lat' dir='ltr'>etiam</span> <span class='ocrx_word' id='word_1_195' title='bbox 437 3133 492 3198; x_wconf 81' lang='lat' dir='ltr'>too</span> <span class='ocrx_word' id='word_1_196' title='bbox 517 3139 615 3199; x_wconf 80' lang='lat' dir='ltr'>aetate</span> <span class='ocrx_word' id='word_1_197' title='bbox 641 3155 658 3198; x_wconf 89' lang='lat' dir='ltr'>e</span> <span class='ocrx_word' id='word_1_198' title='bbox 686 3155 716 3197; x_wconf 83' lang='lat' dir='ltr'>v.</span> <span class='ocrx_word' id='word_1_199' title='bbox 741 3131 827 3197; x_wconf 89' lang='lat'>1090</span> <span class='ocrx_word' id='word_1_200' title='bbox 855 3131 969 3197; x_wconf 84' lang='lat' dir='ltr'>afferre</span> <span class='ocrx_word' id='word_1_201' title='bbox 997 3136 1033 3197; x_wconf 89' lang='lat' dir='ltr'>ut</span> <span class='ocrx_word' id='word_1_202' title='bbox 1056 3135 1226 3198; x_wconf 84' lang='lat' dir='ltr'>masculini</span> <span class='ocrx_word' id='word_1_203' title='bbox 1249 3133 1377 3218; x_wconf 90' lang='lat' dir='ltr'>generis</span> <span class='ocrx_word' id='word_1_204' title='bbox 1401 3155 1452 3198; x_wconf 83' lang='lat' dir='ltr'>ex-</span> 
     </span>
     <span class='ocr_line' id='line_1_26' title="bbox 312 3239 1451 3326; baseline -0.002 -20"><span class='ocrx_word' id='word_1_205' title='bbox 312 3242 466 3326; x_wconf 88' lang='lat' dir='ltr'>emplum:</span> <span class='ocrx_word' id='word_1_206' title='bbox 495 3263 592 3325; x_wconf 85' lang='lat' dir='ltr'>quarn</span> <span class='ocrx_word' id='word_1_207' title='bbox 616 3261 677 3326; x_wconf 88' lang='lat' dir='ltr'>ago</span> <span class='ocrx_word' id='word_1_208' title='bbox 702 3239 896 3323; x_wconf 80' lang='lat' dir='ltr'>scripturam</span> <span class='ocrx_word' id='word_1_209' title='bbox 920 3261 937 3303; x_wconf 89' lang='lat' dir='ltr'>e</span> <span class='ocrx_word' id='word_1_210' title='bbox 960 3245 1149 3323; x_wconf 88' lang='lat' dir='ltr'>comparata</span> <span class='ocrx_word' id='word_1_211' title='bbox 1170 3241 1225 3306; x_wconf 84' lang='lat' dir='ltr'>hoc</span> <span class='ocrx_word' id='word_1_212' title='bbox 1247 3242 1355 3304; x_wconf 71' lang='lat' dir='ltr'>atatis</span> <span class='ocrx_word' id='word_1_213' title='bbox 1378 3261 1451 3305; x_wconf 91' lang='lat' dir='ltr'>con·</span> 
     </span>
     <span class='ocr_line' id='line_1_27' title="bbox 312 3342 1455 3432; baseline -0.001 -20"><span class='ocrx_word' id='word_1_214' title='bbox 312 3347 490 3412; x_wconf 80' lang='lat' dir='ltr'>structione</span> <span class='ocrx_word' id='word_1_215' title='bbox 518 3351 624 3411; x_wconf 89' lang='lat' dir='ltr'>ortam</span> <span class='ocrx_word' id='word_1_216' title='bbox 652 3349 741 3431; x_wconf 90' lang='lat' dir='ltr'>puto.</span> <span class='ocrx_word' id='word_1_217' title='bbox 770 3382 813 3391; x_wconf 98' lang='lat'><em>-</em></span> <span class='ocrx_word' id='word_1_218' title='bbox 837 3342 910 3409; x_wconf 91' lang='lat' dir='ltr'>Vno</span> <span class='ocrx_word' id='word_1_219' title='bbox 939 3345 1039 3409; x_wconf 82' lang='lat' dir='ltr'>verbo</span> <span class='ocrx_word' id='word_1_220' title='bbox 1066 3348 1200 3432; x_wconf 89' lang='lat' dir='ltr'>tangam</span> <span class='ocrx_word' id='word_1_221' title='bbox 1228 3346 1329 3411; x_wconf 88' lang='lat' dir='ltr'>falsas</span> <span class='ocrx_word' id='word_1_222' title='bbox 1361 3349 1455 3412; x_wconf 84' lang='lat' dir='ltr'>idem</span> 
     </span>
     <span class='ocr_line' id='line_1_28' title="bbox 312 3452 1455 3539; baseline -0.002 -21"><span class='ocrx_word' id='word_1_223' title='bbox 312 3453 513 3539; x_wconf 89' lang='lat' dir='ltr'>pronominis</span> <span class='ocrx_word' id='word_1_224' title='bbox 531 3453 796 3536; x_wconf 84' lang='lat' dir='ltr'>constructiones,</span> <span class='ocrx_word' id='word_1_225' title='bbox 814 3455 966 3516; x_wconf 86' lang='lat' dir='ltr'>revocata</span> <span class='ocrx_word' id='word_1_226' title='bbox 984 3453 1069 3516; x_wconf 86' lang='lat' dir='ltr'>item</span> <span class='ocrx_word' id='word_1_227' title='bbox 1086 3453 1248 3537; x_wconf 89' lang='lat' dir='ltr'>particula</span> <span class='ocrx_word' id='word_1_228' title='bbox 1267 3452 1455 3518; x_wconf 89' lang='lat' dir='ltr'>emendatas</span> 
     </span>
     <span class='ocr_line' id='line_1_29' title="bbox 311 3556 1457 3645; baseline 0 -21"><span class='ocrx_word' id='word_1_229' title='bbox 311 3559 629 3626; x_wconf 81' lang='lat' dir='ltr'><strong>v.54.1163.1179.</strong></span> <span class='ocrx_word' id='word_1_230' title='bbox 649 3595 691 3606; x_wconf 89' lang='grc'>-</span> <span class='ocrx_word' id='word_1_231' title='bbox 714 3559 883 3624; x_wconf 84' lang='lat' dir='ltr'>Postremo</span> <span class='ocrx_word' id='word_1_232' title='bbox 907 3556 1027 3642; x_wconf 87' lang='lat' dir='ltr'>aliquid</span> <span class='ocrx_word' id='word_1_233' title='bbox 1051 3581 1238 3642; x_wconf 82' lang='lat' dir='ltr'>expromam</span> <span class='ocrx_word' id='word_1_234' title='bbox 1262 3563 1295 3624; x_wconf 91' lang='lat' dir='ltr'>et</span> <span class='ocrx_word' id='word_1_235' title='bbox 1318 3560 1457 3645; x_wconf 82' lang='lat' dir='ltr'>exquisi-</span> 
     </span>
     <span class='ocr_line' id='line_1_30' title="bbox 312 3663 1457 3752; baseline 0 -22"><span class='ocrx_word' id='word_1_236' title='bbox 312 3667 378 3731; x_wconf 89' lang='lat' dir='ltr'>tius</span> <span class='ocrx_word' id='word_1_237' title='bbox 401 3687 461 3731; x_wconf 91' lang='lat' dir='ltr'>nec</span> <span class='ocrx_word' id='word_1_238' title='bbox 483 3666 517 3731; x_wconf 92' lang='lat' dir='ltr'>in</span> <span class='ocrx_word' id='word_1_239' title='bbox 540 3688 646 3732; x_wconf 89' lang='lat' dir='ltr'>meam</span> <span class='ocrx_word' id='word_1_240' title='bbox 668 3664 797 3730; x_wconf 89' lang='lat' dir='ltr'>laudem</span> <span class='ocrx_word' id='word_1_241' title='bbox 821 3663 942 3729; x_wconf 83' lang='lat' dir='ltr'>valens.</span> <span class='ocrx_word' id='word_1_242' title='bbox 974 3663 1060 3728; x_wconf 89' lang='lat' dir='ltr'>Nam</span> <span class='ocrx_word' id='word_1_243' title='bbox 1084 3688 1166 3750; x_wconf 89' lang='lat' dir='ltr'>quae</span> <span class='ocrx_word' id='word_1_244' title='bbox 1189 3665 1223 3729; x_wconf 95' lang='lat' dir='ltr'>in</span> <span class='ocrx_word' id='word_1_245' title='bbox 1245 3668 1362 3752; x_wconf 89' lang='lat' dir='ltr'>vulgus</span> <span class='ocrx_word' id='word_1_246' title='bbox 1386 3668 1457 3731; x_wconf 89' lang='lat' dir='ltr'>sola</span> 
     </span>
     <span class='ocr_line' id='line_1_31' title="bbox 312 3769 1494 3862; baseline -0.003 -23"><span class='ocrx_word' id='word_1_247' title='bbox 312 3773 442 3858; x_wconf 90' lang='lat' dir='ltr'>cognita</span> <span class='ocrx_word' id='word_1_248' title='bbox 470 3776 520 3838; x_wconf 90' lang='lat' dir='ltr'>est</span> <span class='ocrx_word' id='word_1_249' title='bbox 546 3773 778 3857; x_wconf 85' lang='lat' dir='ltr'>particularum</span> <span class='ocrx_word' id='word_1_250' title='bbox 800 3773 867 3836; x_wconf 82' lang='lat' dir='ltr'>siue</span> <span class='ocrx_word' id='word_1_251' title='bbox 893 3769 976 3853; x_wconf 82' lang='lat' dir='ltr'>(seu)</span> <span class='ocrx_word' id='word_1_252' title='bbox 999 3807 1041 3817; x_wconf 98' lang='lat'><em>-</em></span> <span class='ocrx_word' id='word_1_253' title='bbox 1064 3772 1131 3836; x_wconf 84' lang='lat' dir='ltr'>siue</span> <span class='ocrx_word' id='word_1_254' title='bbox 1152 3771 1235 3855; x_wconf 82' lang='lat' dir='ltr'>(sca)</span> <span class='ocrx_word' id='word_1_255' title='bbox 1262 3771 1456 3854; x_wconf 88' lang='lat' dir='ltr'>coniunctio,</span> <span class='ocrx_word' id='word_1_256' title='bbox 1487 3845 1494 3862; x_wconf 77' lang='lat'>.</span> 
     </span>
     <span class='ocr_line' id='line_1_32' title="bbox 312 3875 1455 3966; baseline -0.003 -21"><span class='ocrx_word' id='word_1_257' title='bbox 312 3881 529 3966; x_wconf 88' lang='lat' dir='ltr'>comparanda</span> <span class='ocrx_word' id='word_1_258' title='bbox 552 3901 591 3944; x_wconf 87' lang='lat' dir='ltr'>ea</span> <span class='ocrx_word' id='word_1_259' title='bbox 614 3879 739 3965; x_wconf 87' lang='lat' dir='ltr'>graecis</span> <span class='ocrx_word' id='word_1_260' title='bbox 763 3877 826 3943; x_wconf 83' lang='grc' dir='ltr'>εἴτε</span> <span class='ocrx_word' id='word_1_261' title='bbox 853 3915 892 3924; x_wconf 91' lang='lat'><em>-</em></span> <span class='ocrx_word' id='word_1_262' title='bbox 918 3875 982 3942; x_wconf 78' lang='grc' dir='ltr'>εἴτε</span> <span class='ocrx_word' id='word_1_263' title='bbox 1006 3877 1188 3961; x_wconf 87' lang='lat' dir='ltr'>particulis,</span> <span class='ocrx_word' id='word_1_264' title='bbox 1217 3900 1286 3944; x_wconf 88' lang='lat' dir='ltr'>cam</span> <span class='ocrx_word' id='word_1_265' title='bbox 1311 3899 1383 3944; x_wconf 90' lang='lat' dir='ltr'>sero</span> <span class='ocrx_word' id='word_1_266' title='bbox 1406 3878 1455 3942; x_wconf 92' lang='lat' dir='ltr'>in-</span> 
     </span>
     <span class='ocr_line' id='line_1_33' title="bbox 311 3983 1456 4069; baseline -0.003 -17"><span class='ocrx_word' id='word_1_267' title='bbox 311 3987 421 4052; x_wconf 83' lang='lat' dir='ltr'>tellexi</span> <span class='ocrx_word' id='word_1_268' title='bbox 453 3988 488 4052; x_wconf 93' lang='lat' dir='ltr'>in</span> <span class='ocrx_word' id='word_1_269' title='bbox 521 3984 656 4051; x_wconf 89' lang='lat' dir='ltr'>eandem</span> <span class='ocrx_word' id='word_1_270' title='bbox 688 3989 815 4069; x_wconf 91' lang='lat' dir='ltr'>partem</span> <span class='ocrx_word' id='word_1_271' title='bbox 849 3983 970 4048; x_wconf 86' lang='lat' dir='ltr'>variari</span> <span class='ocrx_word' id='word_1_272' title='bbox 1004 3989 1101 4067; x_wconf 88' lang='lat' dir='ltr'>atque</span> <span class='ocrx_word' id='word_1_273' title='bbox 1134 3983 1162 4050; x_wconf 79' lang='lat' dir='ltr'>el</span> <span class='ocrx_word' id='word_1_274' title='bbox 1188 4023 1225 4031; x_wconf 94' lang='lat'>—</span> <span class='ocrx_word' id='word_1_275' title='bbox 1258 3983 1321 4050; x_wconf 80' lang='lat' dir='ltr'>circ</span> <span class='ocrx_word' id='word_1_276' title='bbox 1355 3989 1405 4050; x_wconf 87' lang='lat' dir='ltr'>ost</span> <span class='ocrx_word' id='word_1_277' title='bbox 1436 4007 1456 4048; x_wconf 87' lang='lat' dir='ltr'>a</span> 
     </span>
     <span class='ocr_line' id='line_1_34' title="bbox 187 4085 1456 4175; baseline -0.002 -17"><span class='ocrx_word' id='word_1_278' title='bbox 187 4121 298 4160; x_wconf 73' lang='lat' dir='ltr'>cxxxv</span> <span class='ocrx_word' id='word_1_279' title='bbox 315 4094 445 4158; x_wconf 88' lang='lat' dir='ltr'>Graecis</span> <span class='ocrx_word' id='word_1_280' title='bbox 465 4093 596 4159; x_wconf 88' lang='lat' dir='ltr'>dictum.</span> <span class='ocrx_word' id='word_1_281' title='bbox 625 4090 730 4156; x_wconf 86' lang='lat' dir='ltr'>Plana</span> <span class='ocrx_word' id='word_1_282' title='bbox 750 4095 886 4174; x_wconf 83' lang='lat' dir='ltr'>exstant,</span> <span class='ocrx_word' id='word_1_283' title='bbox 910 4093 947 4154; x_wconf 92' lang='lat' dir='ltr'>ut</span> <span class='ocrx_word' id='word_1_284' title='bbox 969 4089 1003 4154; x_wconf 94' lang='lat' dir='ltr'>in</span> <span class='ocrx_word' id='word_1_285' title='bbox 1024 4089 1077 4154; x_wconf 89' lang='lat' dir='ltr'>his</span> <span class='ocrx_word' id='word_1_286' title='bbox 1099 4111 1185 4156; x_wconf 92' lang='lat' dir='ltr'>nunc</span> <span class='ocrx_word' id='word_1_287' title='bbox 1208 4085 1456 4175; x_wconf 86' lang='lat' dir='ltr'>acquiescam*),</span> 
     </span>
    </p>
   </div>
   <div class='ocr_carea' id='block_1_7' title="bbox 312 4318 1457 4570">
    <p class='ocr_par' dir='ltr' id='par_1_7' title="bbox 312 4318 1457 4570">
     <span class='ocr_line' id='line_1_35' title="bbox 399 4318 1454 4391; baseline -0.005 -14"><span class='ocrx_word' id='word_1_288' title='bbox 399 4322 425 4391; x_wconf 72' lang='grc' dir='ltr'>Ι’)</span> <span class='ocrx_word' id='word_1_289' title='bbox 446 4324 509 4376; x_wconf 88' lang='lat' dir='ltr'>Non</span> <span class='ocrx_word' id='word_1_290' title='bbox 526 4323 582 4376; x_wconf 90' lang='lat' dir='ltr'>huc</span> <span class='ocrx_word' id='word_1_291' title='bbox 600 4321 738 4391; x_wconf 87' lang='lat' dir='ltr'>pertinere</span> <span class='ocrx_word' id='word_1_292' title='bbox 757 4319 890 4374; x_wconf 82' lang='lat' dir='ltr'>Pseuduli</span> <span class='ocrx_word' id='word_1_293' title='bbox 908 4319 929 4385; x_wconf 83' lang='lat'>1,</span> <span class='ocrx_word' id='word_1_294' title='bbox 948 4324 974 4386; x_wconf 79' lang='lat' dir='ltr'>t,</span> <span class='ocrx_word' id='word_1_295' title='bbox 994 4323 1044 4373; x_wconf 78' lang='lat'>129</span> <span class='ocrx_word' id='word_1_296' title='bbox 1063 4322 1189 4389; x_wconf 84' lang='lat' dir='ltr'>apparet,</span> <span class='ocrx_word' id='word_1_297' title='bbox 1206 4318 1255 4373; x_wconf 88' lang='lat' dir='ltr'>nbi</span> <span class='ocrx_word' id='word_1_298' title='bbox 1274 4335 1325 4387; x_wconf 89' lang='lat' dir='ltr'>per</span> <span class='ocrx_word' id='word_1_299' title='bbox 1342 4319 1454 4373; x_wconf 72' lang='lat' dir='ltr'>anten-</span> 
     </span>
     <span class='ocr_line' id='line_1_36' title="bbox 312 4406 1455 4479; baseline -0.004 -13"><span class='ocrx_word' id='word_1_300' title='bbox 312 4411 381 4466; x_wconf 82' lang='lat' dir='ltr'>tiam</span> <span class='ocrx_word' id='word_1_301' title='bbox 399 4429 435 4465; x_wconf 92' lang='lat' dir='ltr'>ne</span> <span class='ocrx_word' id='word_1_302' title='bbox 454 4410 533 4466; x_wconf 86' lang='lat' dir='ltr'>licuit</span> <span class='ocrx_word' id='word_1_303' title='bbox 552 4409 665 4479; x_wconf 90' lang='lat' dir='ltr'>quidem</span> <span class='ocrx_word' id='word_1_304' title='bbox 684 4425 731 4462; x_wconf 81' lang='lat' dir='ltr'>cca</span> <span class='ocrx_word' id='word_1_305' title='bbox 749 4425 799 4478; x_wconf 90' lang='lat' dir='ltr'>pro</span> <span class='ocrx_word' id='word_1_306' title='bbox 816 4409 843 4462; x_wconf 84' lang='lat' dir='ltr'>si</span> <span class='ocrx_word' id='word_1_307' title='bbox 861 4407 1036 4462; x_wconf 85' lang='lat' dir='ltr'>substituere.</span> <span class='ocrx_word' id='word_1_308' title='bbox 1075 4407 1179 4461; x_wconf 84' lang='lat' dir='ltr'>Eadem</span> <span class='ocrx_word' id='word_1_309' title='bbox 1197 4407 1271 4462; x_wconf 85' lang='lat' dir='ltr'>ratio</span> <span class='ocrx_word' id='word_1_310' title='bbox 1289 4407 1388 4464; x_wconf 83' lang='lat' dir='ltr'>Pseud.</span> <span class='ocrx_word' id='word_1_311' title='bbox 1408 4406 1455 4477; x_wconf 82' lang='lat' dir='ltr'>IV,</span> 
     </span>
     <span class='ocr_line' id='line_1_37' title="bbox 312 4494 1457 4570; baseline -0.002 -16"><span class='ocrx_word' id='word_1_312' title='bbox 312 4507 338 4570; x_wconf 82' lang='grc'>6,</span> <span class='ocrx_word' id='word_1_313' title='bbox 357 4505 381 4553; x_wconf 83' lang='grc'>9.</span> <span class='ocrx_word' id='word_1_314' title='bbox 418 4499 503 4554; x_wconf 84' lang='lat' dir='ltr'>Mero.</span> <span class='ocrx_word' id='word_1_315' title='bbox 526 4499 559 4568; x_wconf 93' lang='lat' dir='ltr'>ll,</span> <span class='ocrx_word' id='word_1_316' title='bbox 577 4507 603 4568; x_wconf 75' lang='lat'>2,</span> <span class='ocrx_word' id='word_1_317' title='bbox 622 4506 670 4552; x_wconf 73' lang='lat'>40:</span> <span class='ocrx_word' id='word_1_318' title='bbox 703 4513 793 4563; x_wconf 85' lang='lat' dir='ltr'>neque</span> <span class='ocrx_word' id='word_1_319' title='bbox 813 4497 886 4550; x_wconf 87' lang='lat' dir='ltr'>enim</span> <span class='ocrx_word' id='word_1_320' title='bbox 907 4497 935 4550; x_wconf 92' lang='lat' dir='ltr'>in</span> <span class='ocrx_word' id='word_1_321' title='bbox 954 4494 1102 4564; x_wconf 83' lang='lat' dir='ltr'>sponsione</span> <span class='ocrx_word' id='word_1_322' title='bbox 1120 4497 1180 4550; x_wconf 69' lang='lat' dir='ltr'>aar</span> <span class='ocrx_word' id='word_1_323' title='bbox 1197 4497 1270 4564; x_wconf 84' lang='lat' dir='ltr'>siae,</span> <span class='ocrx_word' id='word_1_324' title='bbox 1288 4496 1337 4552; x_wconf 86' lang='lat' dir='ltr'>scd</span> <span class='ocrx_word' id='word_1_325' title='bbox 1355 4497 1381 4551; x_wconf 86' lang='lat' dir='ltr'>ai</span> <span class='ocrx_word' id='word_1_326' title='bbox 1397 4498 1457 4552; x_wconf 73' lang='lat' dir='ltr'>nae</span> 
     </span>
    </p>
   </div>
   <div class='ocr_carea' id='block_1_8' title="bbox 0 0 1675 5072">
    <p class='ocr_par' dir='ltr' id='par_1_8' title="bbox 0 0 1675 5072">
     <span class='ocr_line' id='line_1_38' title="bbox 0 0 1675 5072; baseline 0 0"><span class='ocrx_word' id='word_1_327' title='bbox 0 0 1675 5072; x_wconf 95' lang='lat' dir='ltr'> </span> 
     </span>
    </p>
   </div>
  </div>
 </body>
</html>
