3318 5072
305 359 370 422 504
593 371 853 420 rnonacosranu
878 371 924 417 na
950 369 1178 435 aaaronrnvs,

306 517 450 602 linguam
483 516 649 580 transierit
678 515 785 580 mnia
814 514 1070 597 pronuntiatum.
1121 513 1189 578 Nec
1219 535 1335 578 caussa
1363 533 1450 577 nunc

305 624 387 688 latet
410 644 466 687 cur
490 643 554 688 non
578 620 846 706 probabilitatem
870 624 1006 704 tantum,
1029 619 1084 684 sed
1107 621 1336 686 necessitatem
1358 641 1449 684 suam
1476 641 1479 648 ·

305 731 393 795 vocis
425 729 601 814 synizesis,
638 750 736 813 quam
768 729 834 792 iam
868 751 897 812 p.
931 746 1012 793 cmv
1046 728 1139 810 [399]
1174 727 1448 810 commendabam,

306 863 334 902 v.
361 838 446 902 1133
469 837 602 902 habeat:

394 981 479 1046 Eum
504 1002 648 1045 sororem
667 978 874 1063 despondisse
894 1001 985 1043 suam
1006 976 1039 1042 in
1059 983 1127 1043 tam
1146 978 1265 1043 fortem
1285 979 1449 1043 familiam.

306 1123 442 1189 Prorsus
474 1127 582 1188 autem
614 1122 811 1206 singularem
843 1121 1039 1206 auribusque
1070 1122 1201 1186 minime
1231 1120 1449 1185 blandientem

307 1230 473 1315 dactylum
483 1229 515 1315 *)
544 1229 669 1313 integro
698 1227 858 1312 dactylico
889 1227 1045 1292 vocabulo
1074 1227 1341 1310 comprehensum
1364 1227 1449 1311 quod

306 1361 335 1404 v.
360 1337 424 1403 289
449 1337 580 1401 admisi:

395 1451 468 1556 Qun
492 1502 607 1546 manus
631 1476 831 1564 apstineant:
855 1483 951 1542 cetera
974 1479 1052 1562 nipe
1072 1477 1163 1542 trahe
1183 1481 1256 1584 tenc
1276 1478 1352 1562 frige
1372 1479 1450 1543 late:

308 1625 339 1688 id
365 1622 514 1688 consulto
537 1622 598 1686 feci
623 1626 659 1685 ut
682 1621 714 1684 in
738 1620 880 1686 cantico:
904 1641 979 1684 nam
1004 1621 1059 1704 qui
1079 1619 1111 1685 in
1131 1621 1266 1685 canticis
1286 1642 1358 1685 cum
1378 1620 1451 1685 aliis

308 1730 454 1795 versibus
483 1732 553 1793 tum
581 1727 755 1794 trochaicis
786 1727 963 1792 octonariis
991 1727 1166 1810 septenarii
1195 1726 1384 1811 miscentur,
1417 1727 1450 1791 hi

308 1859 421 1902 eorum
450 1836 709 1920 septenariorum
738 1833 855 1919 quibus
882 1833 1028 1919 integrae
1057 1855 1193 1898 scaenae
1221 1834 1453 1900 continuantur

275 2011 280 2024 ,
309 1944 514 2010 severitatem
537 1941 649 2006 multis
673 1942 706 2006 in
731 1941 827 2004 rebus
852 1944 1050 2005 aversantur.
1097 1937 1166 2005 Nec
1189 1939 1334 2024 prolecto
1358 1940 1409 2004 vel
1433 1963 1453 2005 a

308 2074 443 2118 caesura
475 2049 661 2116 concinnior
692 2047 742 2113 vel
774 2072 793 2112 a
822 2047 980 2113 librorum
1012 2047 1073 2112 fide
1101 2047 1203 2112 tutior
1229 2046 1309 2111 baec
1340 2069 1451 2112 versus

309 2159 432 2244 species
457 2161 519 2223 cst:

398 2299 467 2376 Quo
492 2321 606 2364 manus
631 2297 833 2382 apstinecnt:
858 2299 964 2362 cetera
982 2319 1069 2382 rape,
1092 2297 1192 2380 trahe,
1216 2299 1292 2382 fuge
1316 2300 1350 2362 ct
1373 2298 1452 2362 late:

309 2465 368 2508 nec
396 2443 483 2507 enim
507 2441 557 2505 vel
586 2445 661 2526 post
684 2443 832 2524 quartam
857 2439 906 2502 vel
930 2443 1006 2526 post
1029 2441 1177 2524 quintam
1202 2440 1299 2504 arsim
1324 2441 1361 2503 fit
1384 2461 1452 2504 cee-

310 2572 394 2631 sura,
418 2551 451 2612 ct
473 2547 616 2613 insolens
641 2551 690 2610 est
713 2545 889 2629 dactylicae
909 2545 997 2610 vocis
1021 2547 1217 2631 oxytonesis,
1241 2551 1273 2610 et
1296 2571 1315 2611 a
1339 2546 1451 2611 codici-

310 2655 371 2720 bus
393 2660 422 2718 ct
444 2654 545 2718 abest
592 2653 707 2738 Itaque
736 2676 808 2717 cum
837 2653 969 2737 produci
999 2676 1092 2738 posse
1119 2654 1191 2737 supe
1214 2677 1278 2718 non
1302 2655 1347 2720 sit
1370 2654 1453 2718 male

311 2761 449 2828 credulis
473 2757 742 2846 credendum**),
771 2759 867 2823 simul
892 2761 1001 2824 autem
1024 2760 1098 2843 plus
1123 2761 1249 2845 gratiae
1273 2761 1453 2826 ἀευνδὲτωε

311 2868 453 2954 copulati
481 2865 666 2951 imperativi
694 2865 851 2950 babeant,
883 2888 981 2930 unam
1005 2866 1207 2931 consimilem
1231 2868 1377 2932 voculam
1401 2889 1452 2931 ex·

311 2975 427 3041 cidisse
456 2973 579 3039 conieci
608 2973 648 3036 ab
672 2972 774 3056 ipsius
799 2972 946 3055 exemplo
970 2971 1079 3037 Plauti
1102 2974 1265 3057 profectus
1290 2972 1404 3038 Pseud.
1429 2972 1453 3056 l,

312 3084 341 3165 2,
365 3083 384 3146 6
400 3104 464 3165 sq.:

401 3205 463 3282 Qui
487 3204 568 3270 haec
587 3203 709 3268 habent
728 3204 877 3287 consilia,
902 3204 957 3268 u'bi
978 3205 1053 3268 data
1072 3206 1244 3269 occasiost:
1268 3225 1349 3287 rope,
1368 3206 1454 3286 cleps,

1166 3316 1259 3388 lene,

524 3419 693 3500 Hdrpcpc,
716 3418 793 3498 bibe,
816 3420 859 3501 ἐς,
879 3419 961 3502 fuce.

172 3585 297 3626 cccxxx
312 3560 407 3625 Vnde
427 3531 488 3624 etsi
507 3563 653 3644 poteram
674 3561 773 3624 etiam
793 3561 870 3642 clepa
888 3560 922 3624 in
937 3558 1118 3624 Trinummi
1138 3582 1265 3624 versum
1285 3561 1454 3624 asciscere:

311 3668 386 3748 nipe
407 3667 486 3749 clepc
508 3666 594 3730 trabe
615 3667 687 3748 stipa
710 3667 783 3743 late,
824 3671 930 3731 tamen
963 3667 1044 3732 illud
1077 3688 1134 3731 cur
1165 3667 1372 3751 praetulerim
1385 3667 1455 3750 ***)

311 3773 473 3838 neminem
497 3773 609 3859 fugere
633 3772 782 3837 arbitror.

418 3953 445 4017 ³⁸)
464 3949 622 4020 [‘Fortascc
641 3950 685 4018 (ut
698 3947 728 4003 iu
742 3946 862 4017 cantico)
882 3947 1050 4018 bisyllabum
1069 3964 1130 4002 esse
1148 3954 1235 4004 cetera
1253 3951 1338 4019 poeta
1356 3947 1456 4014 voluit,

312 4041 344 4093 nt
369 4039 472 4092 altrum
499 4037 682 4108 aliquotiens,
710 4035 745 4092 dc
773 4054 828 4105 quo
855 4035 914 4091 dixi
942 4036 1042 4107 Opusc.
1067 4036 1135 4107 phil.
1155 4037 1181 4091 ll
1206 4055 1231 4108 p.
1251 4043 1312 4092 458.
1332 4037 1453 4108 673sq.'

312 4126 409 4184 Trin.¹.
447 4127 576 4183 Ceterum
596 4125 630 4180 cl.
651 4123 786 4180 l'lcclrcia
807 4141 868 4178 ann.
887 4125 956 4194 phil.
977 4126 1076 4180 XCVII
1096 4129 1187 4195 (1867)
1206 4143 1232 4195 p.
1249 4128 1321 4198 626]

401 4216 443 4286 ⁸)
463 4215 535 4287 l‘De
558 4213 683 4269 iambica
703 4229 835 4268 mensura
856 4215 921 4283 (aye
944 4214 1021 4270 vocis
1044 4231 1096 4270 uec
1115 4213 1225 4270 Crainio
1250 4231 1301 4269 nec
1320 4216 1456 4272 Corsseno

314 4305 348 4359 dc
368 4303 560 4360 enuntiatione
578 4320 603 4359 e.
623 4321 648 4372 q.
668 4320 689 4356 s.
710 4302 721 4354 I
740 4319 765 4371 p.
786 4309 837 4356 339
866 4319 918 4356 nec
936 4303 1078 4373 Wagnero
1097 4303 1167 4358 Mus.
1187 4304 1238 4360 Rh.
1259 4304 1337 4358 xxn
1356 4323 1383 4375 p.
1404 4311 1456 4360 425

314 4393 502 4448 credendum)
524 4391 625 4462 Trin.²]

385 4479 441 4548 W)
461 4481 504 4549 [ln
528 4480 570 4532 cd.
590 4477 639 4532 alt.
664 4497 720 4532 non
743 4477 835 4532 tenuit
854 4478 1023 4534 ltilschclius
1042 4485 1101 4535 tene
1119 4479 1172 4535 boc
1191 4480 1253 4536 loco
1274 4481 1455 4552 propositum,
