3306 5070
732 425 886 474 runsuo.
1315 407 1375 472 761

237 590 423 654 expromere
452 591 549 654 quam
582 569 702 635 iustam
736 570 1041 636 commentationem
1075 591 1253 654 nexamque
1280 570 1378 635 ratio-

236 676 364 742 cinandi
381 676 627 742 continuitatem
651 676 751 742 edere.
786 676 902 762 Itaque
924 699 963 742 ex
985 677 1058 762 ipsa
1080 677 1138 742 illa
1160 675 1272 742 fabula
1285 676 1379 740 Pluu-

238 784 309 849 tina
331 787 549 869 campartem
569 782 683 870 delegi,
706 806 771 870 qua
790 785 916 850 cantica
938 785 1147 851 continentur
1169 783 1264 849 initio
1288 787 1380 849 actus

235 890 269 955 II
287 890 407 974 posita:
427 911 564 974 quorum
582 894 619 955 ut
637 891 837 956 canticorum
851 890 994 956 omnium
1014 895 1048 956 et
1066 890 1258 958 difficillima
1271 913 1378 956 emen-

236 997 324 1062 datio
348 1001 399 1062 est
421 1000 454 1061 et
476 994 716 1062 dubitationum
744 997 944 1082 plenissima
990 998 1150 1075 Quoniam
1174 1001 1282 1089 autem
1306 1021 1379 1064 cum

237 1103 417 1170 emendatio
445 1103 549 1169 omnis
578 1125 616 1168 ex
644 1105 850 1191 antiquorum
878 1105 940 1171 fide
966 1106 1125 1171 librorum
1148 1126 1223 1170 mss.
1252 1106 1379 1191 pendet,

236 1216 306 1277 tum
325 1209 365 1275 ad
388 1210 503 1275 horum
528 1211 561 1274 et
579 1211 744 1296 propriam
767 1211 909 1277 indolem
933 1211 1168 1278 aestimandam
1193 1215 1226 1278 et
1248 1218 1379 1278 mutuas

236 1319 380 1385 rationes
421 1315 662 1400 perspiciendas
703 1317 776 1402 ipsa
818 1319 944 1383 cantica
985 1317 1144 1403 imprimis
1176 1321 1255 1402 apta
1291 1322 1379 1384 sunt:

236 1447 405 1493 scenarum
431 1420 575 1505 illarum,
604 1422 717 1508 quales
744 1424 777 1488 in
807 1424 939 1509 optimis
967 1423 1129 1490 codicibus
1158 1423 1300 1508 scriptae
1326 1449 1380 1509 ap-

236 1535 366 1616 parent,
399 1531 528 1615 integra
563 1529 709 1619 exempla
740 1535 868 1596 exstare
899 1531 986 1596 volui
1023 1535 1146 1616 quanta
1177 1532 1286 1617 potuit
1317 1533 1379 1598 fide

235 1639 486 1726 repraesentata.
522 1634 696 1701 Nemeum
711 1637 745 1702 in
758 1636 910 1704 liberiore
930 1661 1046 1725 genere
1066 1642 1243 1704 metrorum
1268 1639 1380 1722 sciant,

235 1749 290 1833 qui
312 1747 429 1813 horum
451 1766 546 1808 usum
569 1744 706 1829 habent,
734 1745 896 1810 cardinem
924 1745 970 1810 rei
994 1745 1028 1810 in
1052 1768 1090 1811 eo
1114 1746 1198 1812 verti
1220 1749 1270 1831 ut,
1299 1769 1380 1831 quae

235 1851 537 1938 distinguendorum
566 1851 652 1916 inter
679 1872 714 1915 se
741 1872 891 1917 versuum
919 1851 1003 1916 ratio
1032 1851 1089 1935 sit,
1121 1851 1248 1917 curiose
1271 1853 1379 1918 obser-

236 1963 338 2024 vetur:
365 1957 460 2022 facile
487 1956 689 2041 intellegitur
717 1955 779 2022 hoc
808 1958 877 2022 sola
905 1957 1115 2024 armotatione
1146 1980 1211 2023 non
1234 1959 1380 2042 potuisse

236 2065 302 2130 ullo
325 2063 422 2129 modo
445 2065 541 2148 quale
564 2067 650 2128 esset
673 2063 756 2129 satis
779 2065 829 2129 vel
853 2065 947 2148 plene
969 2064 1021 2130 vel
1045 2065 1140 2150 plane
1164 2063 1351 2150 significari.

701 2299 913 2308 --—--—

792 2456 822 2523 5.

236 2600 417 2667 Vorwort
435 2624 478 2668 zu
498 2599 579 2664 dem
597 2599 820 2684 Programm
841 2599 1023 2667 ‘Canticum
1037 2601 1193 2668 Pseuduli
1207 2602 1379 2671 Plautinae

622 2705 839 2772 emendatum’
862 2704 989 2794 (1850).

325 2849 557 2936 Exemplorum
576 2871 648 2916 cum
671 2849 789 2934 duplex
812 2850 861 2915 vis
885 2850 943 2934 sit,
966 2855 1023 2916 aut
1046 2854 1083 2916 ut
1105 2852 1316 2918 adhortentur
1339 2855 1379 2919 ed

236 2957 428 3022 imitandum
451 2959 509 3022 aut
531 2962 568 3022 ut
590 2956 818 3041 dehortentur,
841 2979 905 3023 non
927 2957 1108 3043 profectae
1131 2959 1239 3043 priore
1263 2981 1380 3044 genere

235 3064 374 3150 petitum
406 3066 457 3129 est
488 3063 574 3148 quod
605 3063 691 3128 infra
722 3065 964 3149 proposuimus,
999 3065 1054 3130 sed
1081 3065 1166 3131 idem
1194 3069 1304 3131 tamen
1332 3069 1380 3133 ita

236 3174 473 3254 comparatum,
500 3172 537 3235 ut
563 3169 597 3234 in
625 3170 697 3254 ipsa
730 3192 858 3235 morum
892 3171 1036 3255 nequitia
1063 3172 1232 3238 mirificam
1260 3172 1379 3239 habeat

238 3277 279 3342 ab
294 3280 364 3342 arte
378 3277 508 3361 poetica
526 3277 848 3342 commendationem.
889 3275 1011 3342 Verum
1026 3277 1106 3344 haec
1130 3301 1182 3344 ars
1205 3280 1320 3364 poetae
1343 3284 1381 3345 ut

236 3405 318 3470 quae
341 3382 513 3468 qualisque
536 3384 592 3468 sit,
621 3387 654 3448 et
675 3384 802 3468 plenius
827 3387 859 3448 et
881 3384 1001 3449 rectius
1026 3407 1123 3469 quam
1146 3385 1250 3450 adhuc
1273 3386 1381 3469 potuit

235 3493 459 3576 pernoscatur,
486 3513 568 3576 opus
596 3513 666 3556 esse
689 3490 847 3576 philologi
876 3493 945 3557 arte
967 3492 1178 3579 intellegetis,
1206 3491 1261 3556 ubi
1284 3490 1380 3557 Plau-

235 3597 324 3663 tinae
347 3619 443 3682 quam
471 3599 565 3664 robis
588 3597 775 3664 exhibemus
803 3619 917 3663 scenae
941 3620 1012 3663 eam
1036 3600 1189 3685 speciem,
1219 3621 1300 3684 quae
1322 3620 1381 3683 per

236 3705 439 3771 saeculorum
466 3704 643 3770 intervella
671 3705 711 3769 ad
738 3707 883 3770 nostram
907 3708 1048 3771 aetatem
1071 3706 1203 3790 prodita
1227 3714 1284 3789 est,
1307 3727 1380 3771 cum

236 3833 321 3876 nova
347 3811 452 3877 forma
480 3810 746 3897 comparaveritis
775 3833 871 3896 quam
894 3811 952 3876 illa
975 3812 1062 3877 iusta
1085 3812 1308 3878 emendatione
1332 3813 1379 3878 in-

237 3917 315 3983 duit.
360 3917 521 3983 Versatur
549 3921 657 3982 autem
686 3939 724 3982 ea
752 3917 787 3981 in
814 3916 991 3983 Psnvnvrn
1021 3919 1105 3983 servi
1134 3939 1294 4003 sermone,
1325 3921 1380 4004 qui

236 4024 365 4090 fabulae
394 4046 490 4089 scena
512 4024 712 4108 paenultima
735 4024 932 4089 continetur:
960 4024 1011 4088 cui
1039 4027 1071 4088 et
1098 4024 1270 4090 verborum
1298 4025 1379 4091 inte-

237 4131 339 4214 gritas
368 4135 401 4196 et
428 4131 552 4197 sanitas
580 4131 814 4196 sententiarum
842 4135 876 4196 et
908 4152 1115 4196 numerorum
1143 4131 1306 4216 elegantia
1334 4133 1380 4198 sic

238 4233 301 4298 nisi
324 4235 469 4301 fallimur
490 4257 555 4300 non
578 4235 838 4319 improbabiliter
861 4236 1051 4302 restituitur.

703 4489 913 4499 .-.—-—-.-——--
