3318 5072
284 349 349 414 526
573 363 830 413 cronnoonnnn
854 363 901 411 nn
927 361 1136 412 nunrorunvs

284 509 393 574 dedita
416 531 515 594 opera
538 511 686 574 effectum
714 508 887 594 imitando,
915 507 1102 572 certissimis
1126 512 1206 590 puto
1230 506 1431 591 argumentis

284 617 439 702 intellegi.
484 615 581 682 Mitto
609 639 693 682 nunc
717 621 824 682 cetera
847 615 935 680 etin
961 614 1088 679 duobus
1112 614 1269 697 subsisto,
1293 633 1428 698 quorum

285 724 423 789 alterum
451 725 591 808 septimo
620 724 750 789 saeculo
779 745 849 788 csse
874 721 1052 806 antiquius,
1081 721 1223 786 alterurn
1247 720 1360 786 eodem
1384 741 1431 784 re·

285 829 409 894 centius
439 830 607 895 contendo.
658 830 831 895 Recentior
862 834 912 894 est
942 829 1081 894 nominis
1114 827 1221 892 forma
1250 827 1431 910 Pseudolus,

284 957 439 1020 quae-nc
463 936 583 1000 rationi
607 937 736 1021 quidem
760 938 826 1002 ullo
852 936 946 1001 modo
971 939 1021 1000 est
1043 935 1250 1001 conveniens:
1280 955 1338 1018 pro
1366 955 1431 1018 qua

285 1044 437 1128 antiquus
466 1047 563 1127 poeta
589 1066 656 1109 non
683 1049 815 1128 poterat
840 1065 908 1108 non
930 1043 1104 1108 Pseudolus
1127 1064 1259 1128 ponere,
1289 1041 1375 1127 quod
1398 1043 1432 1102 et

285 1149 385 1216 Nonii
409 1151 487 1216 libri
510 1154 698 1216 constanter
719 1154 892 1234 testantur,
915 1151 1015 1216 etiam
1039 1151 1073 1215 in
1096 1149 1253 1215 Varronis
1277 1147 1431 1214 Pseudulo

284 1257 438 1343 Apolline,
458 1263 490 1322 et
504 1257 635 1324 Servius
655 1259 798 1323 servavit
816 1262 850 1322 et
868 1257 934 1322 alia
952 1255 1188 1341 confirmant.*)
1222 1255 1429 1321 Contrariam

159 1387 270 1428 ocoxrx
286 1365 352 1428 vim
380 1364 480 1428 habet
507 1365 541 1429 in
565 1361 813 1449 Amphitruonis
842 1368 1035 1449 argumento
1059 1363 1221 1428 admissus
1243 1363 1432 1426 Alcumenas

285 1472 468 1557 genetivus,
495 1471 660 1555 profectus
690 1471 744 1536 illo
775 1493 793 1535 e
822 1471 1027 1555 grammatici
1060 1469 1239 1534 eruditione
1271 1469 1325 1552 qui
1359 1491 1430 1534 eam

284 1578 423 1642 formam
447 1579 572 1662 priscae
595 1579 771 1644 latinitatis
799 1578 964 1661 propriam
987 1577 1087 1642 fuisse
1111 1580 1229 1643 nosset
1277 1575 1370 1653 Quod
1393 1579 1430 1640 ut

285 1683 501 1749 certissimum
530 1689 591 1768 est,
620 1686 666 1750 ita
694 1707 758 1750 uon
787 1685 894 1749 minus
918 1689 1041 1750 certum
1064 1682 1125 1748 hoc
1148 1689 1207 1766 est,
1230 1684 1295 1748 iam
1320 1682 1429 1748 Plauti

285 1794 392 1855 aetate
420 1790 470 1856 vel
498 1795 584 1856 certe
612 1791 646 1854 iu
674 1791 761 1855 artis
782 1812 898 1875 genere
921 1790 1073 1856 Plautino
1101 1791 1188 1856 illius
1216 1790 1374 1874 genetivi,
1402 1791 1429 1855 si

285 1898 326 1962 ab
357 1921 421 1962 uno
449 1899 592 1978 familias
621 1897 805 1980 recesseris,
836 1921 930 1963 usum
960 1919 1091 1982 prorsus
1123 1898 1269 1978 desiisse,
1300 1901 1338 1962 ut
1365 1897 1430 1962 iam

285 2025 314 2087 p.
339 2021 449 2068 oxum
474 2004 566 2086 [389]
592 2009 700 2070 annot.
724 2005 914 2091 significavi.
961 2003 1060 2070 Cuius
1089 2027 1162 2070 cum
1189 2027 1248 2070 nec
1275 2005 1310 2068 in
1337 2003 1429 2068 libris

285 2131 361 2174 mss.
375 2110 477 2175 ullum
492 2107 636 2195 (praeter
655 2133 757 2176 unum
777 2110 871 2176 valde
888 2110 1020 2175 dubium
1040 2109 1237 2195 exemplum)
1255 2110 1430 2194 vestigium

285 2221 399 2301 exstet,
422 2217 474 2283 vel
496 2218 580 2284 hene
604 2218 646 2283 ob
670 2239 817 2282 caussam
836 2216 1064 2282 Lachmannns
1084 2215 1170 2281 credi
1189 2216 1301 2300 nequit
1320 2215 1430 2282 Plauti

285 2345 417 2389 manum
440 2324 560 2409 Amph.
582 2323 642 2409 III,
667 2327 694 2406 1,
720 2325 760 2390 12
783 2324 845 2388 hac
868 2325 1066 2389 correctione
1089 2329 1256 2390 assecutus
1280 2345 1363 2390 esse:

468 2465 502 2530 Si
526 2466 558 2532 id
582 2468 779 2532 Alcumenas
803 2467 1006 2532 innocentiae
1030 2464 1228 2552 expetat.**)

286 2605 347 2671 Sed
372 2612 407 2670 ut
431 2609 498 2673 sint
525 2631 603 2674 sane
627 2611 799 2675 acrostichi
822 2631 934 2675 versus
957 2611 1004 2674 illi
1029 2610 1155 2700 aliquot
1178 2613 1254 2692 post
1275 2607 1429 2673 Plautum

286 2713 422 2778 saeculis
455 2715 546 2781 facti:
579 2717 658 2782 haec
685 2718 757 2802 ipsa
784 2717 1024 2782 Antoninorum
1057 2720 1146 2779 aetas
1178 2719 1306 2779 tantum
1339 2715 1432 2780 abest

285 2825 322 2884 ut
355 2821 435 2886 artis
471 2822 636 2908 imperitia
669 2825 828 2889 laborarit
864 2824 915 2888 vel
953 2823 1124 2889 indulserit
1157 2822 1220 2886 sibi
1253 2826 1430 2887 metrorum

285 2928 541 3016 neglegentiam,
574 2937 610 2998 ut
637 2931 735 2997 solita
762 2931 796 2996 in
828 2930 1050 2996 imitatoribus
1083 2929 1254 3014 diligentia
1286 2933 1430 2994 veterum

286 3038 468 3120 exemplum
492 3038 699 3122 expresserit:
728 3037 760 3100 id
788 3036 873 3122 quod
900 3059 1004 3121 nuper
1031 3036 1160 3101 demum
1184 3034 1265 3098 satis
1289 3035 1431 3120 eleganti

285 3139 328 3205 M.
360 3141 531 3227 Pomponii
565 3143 693 3208 Bassuli
727 3143 824 3207 titulo
862 3143 966 3207 denuo
999 3143 1200 3208 intellectum
1233 3145 1298 3224 est,
1334 3163 1431 3226 quem

285 3250 451 3330 prooemio
485 3249 586 3314 schol.
614 3248 680 3314 hib.
709 3247 812 3313 Bonn.
840 3271 868 3313 a.
896 3265 1204 3315 cromcccxxxxvn
1233 3249 1289 3328 [·--
1314 3245 1431 3334 Opusc.

286 3353 364 3437 phil.
382 3352 428 3418 IV
453 3377 482 3439 p.
505 3357 639 3439 llisqq.]
664 3355 895 3420 enarravimus.
932 3357 1046 3440 Apage
1069 3355 1170 3441 igitur
1193 3354 1324 3419 illorum
1347 3357 1430 3420 incr-

286 3460 378 3545 tiam,
400 3463 456 3545 qui
480 3461 567 3546 quod
585 3463 620 3525 in
639 3461 756 3526 Plauto
775 3462 828 3526 vix
848 3462 915 3526 sint
932 3463 1111 3546 toleraturi,
1135 3463 1298 3545 imputare
1321 3467 1430 3528 tamen

286 3567 486 3651 argumentis
502 3566 661 3632 Plautinis
680 3590 745 3632 non
765 3573 945 3633 vereantur.
982 3569 1083 3634 Velut
1099 3591 1173 3633 cum
1192 3568 1309 3634 horum
1332 3571 1431 3653 scrip·

285 3677 390 3737 torem
420 3673 480 3737 sibi
509 3674 704 3757 persuadent
732 3674 859 3738 hiatum
887 3675 922 3739 in
951 3696 1086 3739 caesura
1115 3674 1297 3759 legitimum
1329 3675 1431 3740 habu·

286 3776 437 3866 isse”*):
457 3780 585 3863 qualem
603 3781 729 3845 hiatum
747 3781 857 3846 nullus
876 3803 1029 3866 umquam
1050 3785 1147 3865 poeta
1165 3782 1229 3846 fuit
1248 3777 1326 3868 (nisi
1345 3782 1429 3846 forte

287 3887 430 3951 labantis
459 3887 647 3972 latinitatis)
677 3888 733 3971 qui
763 3887 913 3953 consulto
944 3892 976 3952 et
1005 3892 1171 3971 tamquam
1204 3887 1243 3952 de
1274 3888 1346 3973 lege
1377 3889 1429 3953 ad·

287 3994 438 4059 mitteret
474 3992 576 4070 Quem
600 3995 628 4059 si
651 4015 716 4058 non
739 4016 813 4059 raro
837 3993 913 4059 libri
937 4016 1013 4059 mss.
1037 3994 1198 4078 exhibent,
1219 4017 1284 4060 non
1307 3995 1431 4060 faciunt

287 4101 375 4166 aliud
398 4101 463 4166 nisi
490 4101 576 4187 quod
604 4102 718 4185 quovis
741 4121 858 4186 genere
881 4102 1085 4185 corruptelae
1108 4124 1181 4168 cum
1205 4103 1239 4166 in
1262 4103 1314 4166 his
1338 4123 1432 4188 argu·

288 4225 464 4234 ——-—

375 4294 401 4361 *)
422 4293 473 4362 [Ol.
495 4294 597 4364 Opuso.
617 4293 686 4363 phil.
707 4292 746 4346 111
765 4311 793 4362 p.
813 4299 827 4347 7
848 4295 954 4366 annot]

358 4385 400 4452 **)
419 4385 506 4453 [idem
525 4387 625 4454 postca
642 4382 814 4438 Riteohelins
832 4384 978 4454 amplexus
996 4387 1040 4440 est
1058 4385 1159 4454 Opusc.
1178 4384 1247 4454 phil.
1262 4384 1301 4438 111
1315 4402 1343 4454 p.
1360 4385 1431 4453 133]

341 4470 397 4540 m)
417 4472 471 4542 [Cf.
491 4473 592 4540 Opuac.
611 4472 680 4542 phil.
700 4472 726 4526 11
745 4491 772 4541 p.
792 4479 844 4527 416
856 4473 909 4544 sq.]
