3338 5072
526 433 791 485 auunoarroms
814 435 1020 486 curvemus.
1285 415 1351 484 303

207 577 252 642 sit
269 575 447 663 probabile,
470 582 544 644 octo
563 584 692 646 tantum
711 580 894 645 fabularum
912 579 1032 644 finibus
1052 579 1351 645 circumscribendis

203 683 268 753 Est
298 689 408 750 aotam
441 685 497 770 qui
528 686 609 752 illud
641 691 782 753 testatur
813 685 1103 753 Ottohonianus
1136 686 1225 752 2005
1257 683 1352 772 (olim

205 790 246 856 V.
273 792 305 855 4.
333 792 386 855 21.
420 795 454 857 et
480 791 517 858 Β.
545 791 607 877 ΠΙ,
642 793 702 878 15)
734 793 961 858 membraneus
998 813 1085 858 anno
1122 808 1351 858 croccccnvln
1366 817 1422 857 xnr

205 897 372 962 Ferrariae
395 898 545 983 scriptus,
568 899 704 985 singulis
728 899 903 966 comoediis
922 897 1162 985 elegantissime
1180 899 1269 983 picta
1287 921 1352 964 em·

206 1004 362 1089 blemata,
389 1003 526 1070 Casinas
555 1009 663 1070 autem
691 1010 814 1090 septem
843 1005 989 1071 versibus
1017 1006 1169 1070 extremis
1197 1005 1282 1070 hano
1305 1005 1352 1070 in·

205 1111 415 1196 scriptionem
432 1112 644 1196 praemissam
663 1111 802 1177 habens:
821 1111 1113 1193 octonorum,
1132 1108 1250 1178 iterum
1268 1111 1352 1176 banc

205 1239 261 1282 sex
299 1219 451 1285 extremis
489 1217 707 1285 Cistellariae:
744 1217 931 1286 Recitator
963 1218 1165 1302 Golllopuss
1202 1219 1352 1283 similiter

205 1331 302 1410 atque
334 1326 367 1390 in
401 1326 549 1410 plui-imis
572 1327 664 1392 libris
688 1327 891 1392 Terentianis
924 1331 957 1392 ct
988 1327 1111 1392 factum
1143 1331 1177 1390 et
1208 1329 1351 1391 erratum

205 1453 276 1498 esse
308 1437 446 1498 constat
491 1432 586 1500 Hanc
618 1434 720 1521 igitur
752 1432 906 1519 calliopii
938 1435 1173 1518 recensionem,
1205 1434 1233 1498 si
1265 1437 1352 1498 recte

206 1539 343 1624 conieci,
371 1541 453 1606 ratis
481 1563 538 1626 per
565 1547 689 1608 ceteras
718 1547 829 1627 partes
856 1564 877 1607 a
904 1542 1000 1608 nobis
1028 1541 1209 1626 descriptus
1232 1562 1252 1617 γ
1275 1563 1352 1625 prae

207 1667 243 1711 sc
265 1646 401 1713 ferebat.

294 1752 457 1819 Mutatum
495 1753 677 1820 fabulamm
709 1756 857 1822 ordinem
889 1759 1001 1822 secuta
1032 1761 1083 1821 est
1114 1756 1287 1822 earundem
1318 1755 1352 1820 in

205 1860 286 1925 duas
318 1865 429 1945 partes
457 1861 642 1947 diremptio,
676 1885 813 1948 quarum
842 1863 946 1930 altera
973 1865 1015 1930 ab
1043 1863 1282 1948 Amphitruone
1310 1861 1352 1927 ad

204 1967 393 2051 Epidicum,
421 1987 441 2032 a
467 1966 685 2036 Bacchidibus
713 1970 755 2034 ad
777 1971 1007 2036 ‘lhuculentom
1039 1971 1144 2036 altera
1166 1971 1352 2054 pertineret

205 2073 256 2138 Ex
280 2074 410 2139 iliarum
434 2073 544 2140 codice
567 2080 586 2139 b
610 2077 775 2160 repetendi
793 2077 827 2142 B
846 2081 879 2142 at
897 2077 939 2161 D,
962 2098 1100 2161 quorum
1124 2077 1219 2141 binas
1243 2081 1351 2160 partes

206 2201 245 2245 ex
277 2182 324 2246 eis
354 2203 437 2265 quae
470 2203 569 2267 supra
599 2184 767 2249 attulimus
799 2184 1003 2269 intellegitur
1035 2205 1181 2249 seorsum
1214 2183 1353 2267 scriptas

207 2307 291 2353 esse:
314 2289 507 2373 repetendus
520 2287 595 2376 P),
618 2289 674 2374 qui
693 2295 743 2355 est
760 2292 986 2356 membraneus
1005 2289 1109 2356 Musei
1128 2289 1352 2356 Britannici

207 2391 290 2534 -Ῑζιο,
323 2432 442 2496 rectius
466 2435 574 2496 autem
605 2436 640 2497 ut
665 2433 780 2517 opinor
806 2433 976 2500 undecimo
1006 2457 1103 2519 quam
1132 2433 1256 2499 decimo
1285 2454 1353 2498 Μ.

206 2573 279 2640 culo
302 2573 530 2661 tribuitur**):
553 2575 748 2660 repetendus
767 2576 903 2662 denique
925 2578 954 2643 is
977 2573 1033 2664 (Z),
1056 2578 1112 2664 qui
1133 2578 1208 2643 fons
1228 2576 1354 2642 exstitit

207 2679 406 2765 reliquorum
445 2686 518 2748 octo
555 2682 686 2748 fabulas
723 2684 850 2768 priores
887 2685 1186 2769 complectentium,
1223 2683 1352 2750 saeculo

207 2791 316 2852 autern
349 2788 399 2853 rel
431 2787 510 2854 XIV
533 2788 584 2854 vel
607 2787 669 2854 XV
703 2789 898 2876 scriptorum
927 2791 993 2857 fere
1027 2791 1186 2856 omnium:
1216 2813 1352 2877 quorum

207 2893 270 2958 etsi
293 2894 486 2979 pergrandis
509 2917 662 2960 numerus
686 2898 749 2975 est,
777 2898 889 2962 temen
912 2897 1021 2962 nullus
1045 2897 1096 2962 vel
1119 2919 1157 2962 ex
1180 2897 1215 2964 B
1238 2898 1290 2962 vel
1314 2919 1353 2962 ex

207 2999 241 3064 D
259 3001 311 3065 vel
335 3023 374 3066 ex
391 3001 421 3067 J
440 3002 592 3066 manavit
629 3000 752 3068 Verum
776 3001 848 3088 boc,
870 3003 926 3068 ubi
950 3003 991 3068 ad
1013 3007 1087 3069 octo
1110 3004 1236 3089 priores
1260 3004 1353 3068 eden·

207 3104 264 3170 das
291 3128 424 3193 venero,
452 3112 485 3173 et
511 3108 742 3174 demonstrabo
770 3113 803 3174 et
831 3109 1024 3195 singillatim
1054 3131 1241 3196 persequar:
1269 3132 1353 3176 nunc

208 3210 269 3277 hoc
292 3235 391 3280 unum
415 3237 547 3302 occupo,
571 3238 729 3282 summam
754 3237 825 3281 esse
848 3219 1003 3300 quattuor
1021 3217 1149 3282 illomm
1169 3216 1353 3308 similitudi

206 3339 280 3384 nem
308 3323 476 3407 multoque
504 3322 661 3389 maiorem
690 3345 787 3408 quam
812 3323 950 3407 quaein
974 3324 1209 3409 posterioribus
1232 3324 1353 3392 fabulis
1363 3343 1434 3384 11111

207 3425 292 3492 inter
314 3427 348 3492 B
371 3433 405 3494 et
430 3429 512 3494 ret
534 3452 553 3510 η
577 3429 770 3496 intercessit.
806 3429 851 3494 Et
875 3430 906 3494 Τ
925 3429 1054 3514 quidem
1079 3431 1167 3498 volui
1191 3431 1353 3498 Tvssssr

207 3531 282 3598 illas
312 3535 518 3600 membranas
546 3558 630 3619 csse,
660 3559 796 3622 quarum
823 3536 978 3602 virtutem
1007 3539 1188 3604 monstravi
1214 3539 1254 3604 de
1277 3541 1354 3607 crisi

207 3637 255 3705 Pl.
278 3663 308 3724 p.
335 3641 406 3708 155.
430 3642 493 3707 531
506 3665 576 3728 sqq.
600 3642 732 3729 [Opusc.
751 3643 930 3729 phillip.
949 3645 979 3710 4.
1001 3645 1062 3710 121
1075 3649 1173 3732 sqq.]:
1198 3669 1278 3732 quas
1298 3649 1353 3733 qui

207 3745 242 3810 in
265 3745 554 3833 Francogallorum
584 3751 681 3818 terris
704 3749 844 3816 fortasse
869 3751 1060 3836 superstites
1083 3753 1262 3840 indagarit,
1290 3755 1353 3820 dici

206 3854 321 3937 nequit
341 3877 437 3940 quarn
456 3855 501 3920 sit
518 3854 557 3921 de
576 3855 694 3922 Plauto
713 3857 795 3922 bene
814 3858 997 3924 meriturus.
1035 3858 1124 3936 Quae
1145 3862 1354 3927 membranae

208 4007 420 4024 Ἥ

295 4099 324 4170 ⁸)
344 4101 399 4173 [cf.
418 4101 521 4173 Opnsc.
539 4103 609 4174 phil.
628 4102 668 4158 111
687 4121 714 4174 p.
735 4104 807 4176 119]
1150 4160 1165 4185 ο

278 4191 324 4260 **)
343 4191 394 4248 His
412 4209 447 4248 uc
462 4193 524 4262 quis
539 4195 670 4264 quartum
684 4193 779 4263 addat,
798 4210 881 4264 quam
894 4193 924 4250 in
938 4194 1082 4251 Muciana
1094 4195 1276 4266 bybliotheca
1289 4197 1354 4254 rio-

208 4278 318 4335 rentina
341 4281 425 4337 hodie
449 4283 559 4338 exstare
581 4281 717 4337 Hearicus
740 4282 846 4350 Keilius
869 4284 966 4338 noster
987 4283 1105 4338 testetur
1127 4282 1269 4355 Philologi
1292 4288 1323 4360 t·
1341 4287 1353 4340 1

207 4386 234 4438 p.
256 4375 314 4438 182,
338 4370 481 4426 sciendum
504 4373 549 4426 est
569 4369 735 4441 typothetae
759 4371 829 4427 vitio
847 4371 928 4427 ilium
948 4369 987 4426 xi
1006 4372 1111 4427 saeculi
1130 4389 1189 4428 essa
1210 4373 1277 4444 legi,
1305 4375 1353 4444 qui

207 4456 243 4510 sit
261 4455 330 4514 ΧΨ.
367 4457 423 4513 Sed
442 4459 497 4514 duo
516 4473 583 4513 sane
602 4457 652 4513 alii
670 4459 785 4513 tabulae
803 4477 887 4530 supra
905 4459 1013 4530 positas
1032 4459 1100 4515 olim
1124 4461 1246 4517 addendi
1264 4467 1354 4536 amnt,

207 4559 277 4614 quos
301 4563 376 4601 nnuc
394 4547 522 4603 consulto
541 4547 724 4617 praetermisi
