3338 5072
548 373 811 445 nuasnsmours
835 397 1042 445 enavnman.
1300 381 1366 446 385

222 541 367 605 litteram
385 539 582 624 aliquotiens
599 539 633 604 vi
652 539 824 622 positionis
843 541 965 624 pariter
984 544 1113 606 exutam
1136 562 1206 606 esse
1230 545 1328 626 atque
1349 561 1367 606 a

223 647 258 712 in
281 648 446 730 trapezita:
470 647 558 712 velut
580 645 667 712 Trin.
689 647 773 712 1052
796 646 834 712 Si
855 668 943 730 mapa
965 649 1089 731 sarpere,
1111 647 1176 712 nisi
1199 648 1246 713 ibi
1268 647 1365 712 aliam

225 773 352 837 quoque
386 754 428 818 ob
461 773 609 818 caussam
642 756 853 836 transponere
885 757 1029 838 praestet
1055 753 1152 837 Mope
1182 755 1211 819 si
1241 755 1366 836 caepae.

223 859 300 926 Non
323 864 431 926 autam
454 858 517 924 huc
540 859 712 944 portinent,
735 859 790 924 sed
814 859 855 925 ad
878 859 965 925 aliud
989 859 1119 926 omnino
1142 880 1245 945 genus
1268 859 1366 926 licen·

223 967 291 1032 tiae
313 966 536 1051 prosodiacae,
568 987 650 1050 quae
674 966 773 1051 vulgo
796 967 948 1032 dicuntur
971 971 1120 1052 correpta
1143 966 1271 1052 syllaba
1293 989 1366 1051 pro-

223 1073 365 1138 nuntiari
388 1073 533 1155 ooltptos
554 1073 699 1138 oemtstos
716 1072 850 1138 sendraas
867 1071 1012 1138 imantia
1030 1076 1367 1156 enimuero—moysae

226 1183 275 1244 tua
298 1181 440 1244 mirabar
460 1177 609 1259 foststra:
636 1200 695 1243 nec
718 1179 823 1265 magis
846 1179 979 1245 amatas
1001 1201 1155 1264 umquam
1179 1201 1276 1264 quam
1293 1201 1366 1262 pro-

221 1286 305 1366 stcto
328 1286 380 1350 vel
403 1285 505 1350 rictam
527 1284 648 1350 dietum
672 1282 766 1368 est.*)
813 1283 874 1350 His
898 1286 1000 1369 igitur
1029 1285 1105 1350 hino
1134 1285 1267 1351 seclusis
1297 1284 1368 1351 sola

224 1396 350 1458 restant
377 1391 515 1456 invicem
544 1412 614 1456 sese
641 1389 768 1454 tuentia
793 1389 980 1470 feriatarias
1004 1394 1037 1454 et
1060 1389 1253 1456 tabimoculo
1277 1391 1366 1460 Trin.

224 1521 254 1564 r.
273 1498 348 1564 456.
373 1498 451 1563 726:
475 1518 556 1582 quae
579 1518 678 1581 quam
701 1515 834 1582 gravem
858 1496 1099 1562 excusationem
1121 1496 1273 1582 habeant,
1296 1521 1367 1584 per·

225 1605 341 1688 spicies
365 1603 421 1669 ubi
444 1602 569 1667 nullum
592 1601 799 1684 vocabulum,
827 1601 861 1666 in
885 1623 948 1686 quo
977 1605 1163 1686 quattuor
1191 1604 1366 1688 syllabae

226 1711 435 1776 continuae
468 1707 766 1791 antispastioam
799 1729 1015 1774 mensuram
1048 1714 1227 1794 aequent,
1254 1712 1306 1776 vel
1333 1713 1367 1777 in

223 1817 380 1882 iambicos
394 1814 446 1882 vel
461 1816 496 1878 in
510 1814 693 1880 trochaicos
707 1825 857 1879 numeros
872 1815 935 1879 nisi
946 1815 1123 1900 aegerrime
1137 1815 1260 1880 intrare
1274 1838 1366 1901 repu-

224 1923 353 1988 taveris.
398 1922 511 2005 anue
535 1943 649 1986 caussa
671 1925 730 2005 est,
753 1942 810 1986 our
832 1922 930 1986 etiam
954 1921 1156 1987 simillimum
1177 1922 1368 1990 canarias

223 2030 418 2096 vocabulum
440 2028 475 2092 in
498 2027 657 2112 principio
681 2028 799 2093 senarii
822 2028 930 2094 locum
951 2028 1072 2093 habeat
1091 2027 1163 2093 Aul.
1181 2027 1240 2112 ΙΙΙ,
1263 2029 1294 2113 5,
1314 2030 1366 2096 39.

313 2135 455 2199 Tantum
473 2133 512 2197 de
536 2134 783 2217 correptione
807 2134 847 2199 in
871 2135 1010 2201 mediis
1030 2136 1188 2202 vocibus
1208 2134 1365 2202 admissa:

224 2264 321 2329 quam
349 2263 422 2306 cum
449 2239 545 2305 certis
573 2261 633 2304 nec
661 2239 742 2306 adeo
765 2241 876 2325 paucis
900 2242 1055 2326 exemplis
1079 2264 1156 2307 usus
1179 2241 1365 2308 comoedias
1379 2269 1526 2316 cxxxvm

226 2348 387 2433 probarit,
414 2350 529 2412 contra
557 2368 655 2431 quam
682 2347 822 2411 maxime
849 2347 1046 2431 improbavit
1069 2370 1140 2413 eam
1163 2370 1245 2433 quas
1267 2349 1304 2414 fit
1326 2349 1366 2415 in

222 2455 403 2520 binarum
426 2474 560 2518 vocum
584 2474 782 2517 concursu.
819 2452 857 2518 ln
876 2475 939 2537 quo
959 2473 1076 2538 genere
1099 2477 1232 2539 prorsus
1256 2455 1364 2542 singu·

222 2561 301 2625 laris
324 2563 375 2624 est
396 2559 653 2644 interrogativae
675 2580 718 2624 ne
745 2559 925 2644 particulae
948 2561 1046 2645 ratio,
1074 2561 1164 2627 euius
1187 2583 1226 2627 ea
1247 2567 1366 2628 natura

222 2667 294 2751 fuit,
317 2670 354 2732 ut
372 2666 500 2731 abiecta
521 2686 537 2730 e
559 2665 663 2732 vocali
686 2666 776 2732 nulla
795 2665 935 2731 oriretur
952 2687 976 2730 a
994 2666 1124 2732 litterae
1144 2671 1177 2733 et
1194 2668 1365 2754 insequen-

220 2775 264 2838 tis
289 2773 495 2838 consonantis
519 2771 655 2858 positio:
692 2776 729 2837 ut
756 2772 824 2837 aaa
852 2773 987 2851 moelem,
1018 2773 1117 2838 hacta
1140 2778 1173 2838 tu
1195 2776 1230 2839 id
1249 2796 1365 2842 aarum

222 2903 251 2944 v.
262 2881 336 2945 642.
347 2880 412 2944 964
427 2883 460 2943 et
474 2879 663 2962 saepissime
679 2878 767 2944 alibi.
789 2876 882 2943 Vnde
892 2882 1002 2946 tamm
1017 2879 1209 2963 perdubium
1224 2885 1274 2946 est
1287 2904 1364 2946 num

224 2983 375 3071 progredi
393 2983 491 3049 liceat
509 2983 550 3050 ad
568 2984 743 3068 postpositi
769 2983 826 3050 alii
852 2985 1043 3050 consonanti
1068 3006 1107 3050 oe
1131 2987 1365 3070 correptionem

221 3089 463 3175 defendendam,
481 3093 519 3155 ut
536 3089 571 3154 in
589 3091 670 3170 idac,
688 3089 805 3172 quidne
822 3088 937 3156 Pseud.
950 3089 976 3175 1,
990 3091 1021 3174 5,
1037 3091 1089 3156 27.
1113 3087 1205 3158 (lure.
1214 3091 1255 3176 V,
1270 3094 1299 3177 3,
1314 3095 1365 3160 27.

223 3195 346 3263 Contra
374 3197 530 3262 affirmari
553 3197 752 3262 confidenter
774 3199 898 3280 potest,
924 3201 1113 3280 praeterae
1136 3197 1218 3262 illud
1240 3198 1366 3284 reliqua

222 3304 341 3370 vitiosa
368 3325 439 3368 esse
465 3307 597 3369 tantum
624 3325 689 3369 non
712 3304 848 3369 omnia.¹
876 3302 1006 3368 Vitiosa
1029 3304 1144 3390 igitur,
1173 3305 1364 3389 equalibus

222 3411 284 3477 hoc
306 3406 412 3494 ipsum
437 3413 534 3494 caput
556 3409 815 3493 exordiebamur‚
836 3411 975 3493 postam
996 3431 1040 3495 se,
1063 3411 1194 3477 ansula
1216 3411 1365 3476 blandilo-

220 3516 383 3600 quaraclae
406 3538 435 3582 v.
449 3517 512 3580 237
529 3538 585 3601 sq„
608 3517 670 3580 etsi
694 3515 852 3600 quaedam
874 3516 1059 3583 huiusmodi
1084 3517 1364 3602 anapaestioorum

221 3623 428 3708 potissimum
464 3622 598 3687 liberior
633 3622 787 3706 prosodia
824 3622 955 3688 admisit
991 3621 1101 3710 (quale
1137 3625 1282 3690 futurum
1322 3627 1366 3692 sit

221 3729 320 3794 etiam
347 3729 430 3794 stabit
456 3729 649 3811 adscquitur
675 3726 756 3792 illud
784 3751 813 3792 v.
844 3729 928 3794 1118
959 3729 1013 3810 [of.
1041 3753 1071 3814 p.
1099 3731 1193 3815 3321,
1225 3733 1288 3797 nisi
1318 3733 1365 3797 ibi

221 3837 302 3902 alias
326 3834 368 3901 ob
392 3857 523 3901 caussas
549 3833 636 3900 aliud
659 3831 831 3920 praestet):
860 3835 979 3901 vitiosa
1002 3835 1036 3899 in
1059 3838 1193 3902 senariis
1218 3843 1365 3922 septena·

222 3944 342 4028 riisque
365 3945 426 4008 erit
447 3947 543 4020 bam,
566 3963 630 4026 quo
653 3939 770 4005 mendo
793 3961 922 4006 versum
946 3943 1010 4008 388
1034 3943 1104 4026 ipse
1127 3944 1364 4009 Ambrosianus

219 4050 384 4132 liberavit,
415 4048 482 4113 ertit
502 4049 582 4114 dicto
606 4047 685 4130 503,
712 4046 799 4131 ptptt
820 4067 937 4129 param
965 4047 1027 4112 661
1040 4047 1105 4133 **),
1128 4051 1213 4115 decbt
1233 4051 1279 4114 mi
1300 4052 1365 4133 ipse

308 4243 333 4312 ²)
353 4241 407 4314 [cf.
428 4240 528 4311 Opnso.
547 4238 616 4310 phil.
635 4239 674 4292 III
692 4257 719 4308 p.
741 4239 813 4309 lta]

290 4330 332 4401 *')
351 4331 406 4403 [De
424 4331 479 4385 hoc
496 4344 599 4400 genere
616 4326 746 4382 universo
761 4343 791 4382 se
805 4344 862 4383 non
875 4329 952 4382 recte
969 4326 1100 4384 statuisse
1114 4327 1144 4382 in
1158 4327 1364 4398 prolegomenis

218 4424 319 4492 postea
331 4419 472 4476 intellexit
484 4416 663 4487 Ritschelius,
681 4415 730 4471 ubi
741 4419 814 4486 pipe'
832 4416 893 4470 sim.
908 4415 1145 4486 pronuntiandum
1157 4432 1217 4471 esse
1230 4419 1308 4472 corta
1320 4433 1364 4471 ra-

218 4510 296 4564 tione
314 4507 524 4564 domonstravit.
561 4505 601 4561 cf.
621 4504 722 4576 Opusc.
741 4504 810 4574 phil.
830 4505 869 4560 1v
886 4523 914 4574 p,
934 4511 1071 4574 404sqq.;
1090 4505 1115 4559 ll
1129 4504 1217 4574 praef.
1231 4522 1258 4575 p.
1273 4505 1363 4578 qu.]

273 4617 313 4651 ra.
332 4615 482 4651 mrscasnn
500 4613 637 4651 oevscvaa
655 4613 680 4647 v.
1117 4600 1151 4646 25
