<?xml version="1.0" encoding="UTF-8"?>
<!DOCTYPE html PUBLIC "-//W3C//DTD XHTML 1.0 Transitional//EN"
    "http://www.w3.org/TR/xhtml1/DTD/xhtml1-transitional.dtd">
<html xmlns="http://www.w3.org/1999/xhtml" xml:lang="en" lang="en">
 <head>
  <title>
</title>
<meta http-equiv="Content-Type" content="text/html;charset=utf-8" />
  <meta name='ocr-system' content='tesseract 3.04.00' />
  <meta name='ocr-capabilities' content='ocr_page ocr_carea ocr_par ocr_line ocrx_word'/>
</head>
<body>
  <div class='ocr_page' id='page_1' title='image "./fridericiritsch07wachgoog_0498.png"; bbox 0 0 3332 5074; ppageno 0'>
   <div class='ocr_carea' id='block_1_1' title="bbox 531 419 1349 484">
    <p class='ocr_par' dir='ltr' id='par_1_1' title="bbox 531 419 1349 484">
     <span class='ocr_line' id='line_1_1' title="bbox 531 419 1349 484; baseline 0 -2"><span class='ocrx_word' id='word_1_1' title='bbox 531 435 795 483; x_wconf 76' lang='lat' dir='ltr'><strong>auauns‘rrours</strong></span> <span class='ocrx_word' id='word_1_2' title='bbox 820 435 1027 483; x_wconf 56' lang='lat' dir='ltr'><strong>ennaremus.</strong></span> <span class='ocrx_word' id='word_1_3' title='bbox 1286 419 1349 484; x_wconf 88' lang='lat'><strong>481</strong></span> 
     </span>
    </p>
   </div>
   <div class='ocr_carea' id='block_1_2' title="bbox 207 579 1353 1176">
    <p class='ocr_par' dir='ltr' id='par_1_2' title="bbox 207 579 1353 1176">
     <span class='ocr_line' id='line_1_2' title="bbox 208 579 1352 664; baseline 0 -22"><span class='ocrx_word' id='word_1_4' title='bbox 208 579 297 644; x_wconf 89' lang='lat' dir='ltr'><strong>ritati</strong></span> <span class='ocrx_word' id='word_1_5' title='bbox 328 601 460 663; x_wconf 90' lang='lat' dir='ltr'><strong>prorsus</strong></span> <span class='ocrx_word' id='word_1_6' title='bbox 493 581 676 663; x_wconf 91' lang='lat' dir='ltr'><strong>oppositam</strong></span> <span class='ocrx_word' id='word_1_7' title='bbox 709 601 779 644; x_wconf 89' lang='lat' dir='ltr'><strong>esse</strong></span> <span class='ocrx_word' id='word_1_8' title='bbox 808 581 1086 664; x_wconf 89' lang='lat' dir='ltr'><strong>anapaesticorum</strong></span> <span class='ocrx_word' id='word_1_9' title='bbox 1114 580 1278 644; x_wconf 79' lang='lat' dir='ltr'>licentiam</span> <span class='ocrx_word' id='word_1_10' title='bbox 1307 580 1352 643; x_wconf 94' lang='lat' dir='ltr'><strong>di-</strong></span> 
     </span>
     <span class='ocr_line' id='line_1_3' title="bbox 207 685 1352 771; baseline 0 -22"><span class='ocrx_word' id='word_1_11' title='bbox 207 707 288 770; x_wconf 85' lang='lat' dir='ltr'><strong>cam,</strong></span> <span class='ocrx_word' id='word_1_12' title='bbox 312 689 425 770; x_wconf 89' lang='lat' dir='ltr'><strong>utpote</strong></span> <span class='ocrx_word' id='word_1_13' title='bbox 444 686 496 751; x_wconf 84' lang='lat' dir='ltr'><strong>vix</strong></span> <span class='ocrx_word' id='word_1_14' title='bbox 520 686 594 750; x_wconf 92' lang='lat' dir='ltr'><strong>ullis</strong></span> <span class='ocrx_word' id='word_1_15' title='bbox 618 687 652 750; x_wconf 91' lang='lat' dir='ltr'><strong>in</strong></span> <span class='ocrx_word' id='word_1_16' title='bbox 672 707 710 751; x_wconf 89' lang='lat' dir='ltr'><strong>ec</strong></span> <span class='ocrx_word' id='word_1_17' title='bbox 729 707 846 770; x_wconf 81' lang='lat' dir='ltr'>genere</span> <span class='ocrx_word' id='word_1_18' title='bbox 866 687 993 771; x_wconf 86' lang='lat' dir='ltr'><strong>legibus</strong></span> <span class='ocrx_word' id='word_1_19' title='bbox 1012 687 1192 750; x_wconf 78' lang='lat' dir='ltr'><strong>astrictam:</strong></span> <span class='ocrx_word' id='word_1_20' title='bbox 1215 685 1247 749; x_wconf 95' lang='lat' dir='ltr'><strong>id</strong></span> <span class='ocrx_word' id='word_1_21' title='bbox 1267 687 1352 770; x_wconf 92' lang='lat' dir='ltr'><strong>quod</strong></span> 
     </span>
     <span class='ocr_line' id='line_1_4' title="bbox 208 792 1353 875; baseline -0.001 -19"><span class='ocrx_word' id='word_1_22' title='bbox 208 792 304 856; x_wconf 89' lang='lat' dir='ltr'><strong>etiam</strong></span> <span class='ocrx_word' id='word_1_23' title='bbox 330 792 368 856; x_wconf 93' lang='lat' dir='ltr'><strong>de</strong></span> <span class='ocrx_word' id='word_1_24' title='bbox 392 792 538 857; x_wconf 83' lang='lat' dir='ltr'><strong>iambicis</strong></span> <span class='ocrx_word' id='word_1_25' title='bbox 563 792 738 858; x_wconf 80' lang='lat' dir='ltr'><strong>octonariis</strong></span> <span class='ocrx_word' id='word_1_26' title='bbox 762 792 883 857; x_wconf 92' lang='lat' dir='ltr'><strong>dictum</strong></span> <span class='ocrx_word' id='word_1_27' title='bbox 908 815 979 857; x_wconf 89' lang='lat' dir='ltr'><strong>esse</strong></span> <span class='ocrx_word' id='word_1_28' title='bbox 1003 793 1090 875; x_wconf 86' lang='lat' dir='ltr'><strong>volo,</strong></span> <span class='ocrx_word' id='word_1_29' title='bbox 1120 814 1185 856; x_wconf 91' lang='lat' dir='ltr'><strong>non</strong></span> <span class='ocrx_word' id='word_1_30' title='bbox 1209 792 1289 857; x_wconf 89' lang='lat' dir='ltr'><strong>item</strong></span> <span class='ocrx_word' id='word_1_31' title='bbox 1314 792 1353 856; x_wconf 88' lang='lat' dir='ltr'><strong>de</strong></span> 
     </span>
     <span class='ocr_line' id='line_1_5' title="bbox 207 898 1352 982; baseline 0.001 -20"><span class='ocrx_word' id='word_1_32' title='bbox 207 899 400 982; x_wconf 78' lang='lat' dir='ltr'><strong>septenariis</strong></span> <span class='ocrx_word' id='word_1_33' title='bbox 423 898 581 962; x_wconf 89' lang='lat' dir='ltr'><strong>iambicis.</strong></span> <span class='ocrx_word' id='word_1_34' title='bbox 614 899 666 961; x_wconf 88' lang='lat' dir='ltr'><strong>Ab</strong></span> <span class='ocrx_word' id='word_1_35' title='bbox 690 898 818 962; x_wconf 88' lang='lat' dir='ltr'><strong>illorum</strong></span> <span class='ocrx_word' id='word_1_36' title='bbox 839 903 948 962; x_wconf 89' lang='lat' dir='ltr'><strong>autem</strong></span> <span class='ocrx_word' id='word_1_37' title='bbox 967 900 1053 963; x_wconf 84' lang='lat' dir='ltr'><strong>veris</strong></span> <span class='ocrx_word' id='word_1_38' title='bbox 1076 900 1259 964; x_wconf 91' lang='lat' dir='ltr'><strong>rationibus</strong></span> <span class='ocrx_word' id='word_1_39' title='bbox 1282 922 1352 982; x_wconf 90' lang='lat' dir='ltr'><strong>per-</strong></span> 
     </span>
     <span class='ocr_line' id='line_1_6' title="bbox 207 1003 1350 1088; baseline 0.002 -20"><span class='ocrx_word' id='word_1_40' title='bbox 207 1004 378 1088; x_wconf 88' lang='lat' dir='ltr'><strong>spiciendis</strong></span> <span class='ocrx_word' id='word_1_41' title='bbox 401 1005 590 1088; x_wconf 80' lang='lat' dir='ltr'><strong>longissime</strong></span> <span class='ocrx_word' id='word_1_42' title='bbox 613 1003 704 1087; x_wconf 88' lang='lat' dir='ltr'><strong>afuit,</strong></span> <span class='ocrx_word' id='word_1_43' title='bbox 728 1005 818 1068; x_wconf 88' lang='lat' dir='ltr'><strong>cuius</strong></span> <span class='ocrx_word' id='word_1_44' title='bbox 841 1009 961 1070; x_wconf 86' lang='lat' dir='ltr'><strong>teretes</strong></span> <span class='ocrx_word' id='word_1_45' title='bbox 987 1005 1141 1070; x_wconf 90' lang='lat' dir='ltr'><strong>nimirum</strong></span> <span class='ocrx_word' id='word_1_46' title='bbox 1172 1029 1264 1084; x_wconf 85' lang='lat' dir='ltr'><strong>aures</strong></span> <span class='ocrx_word' id='word_1_47' title='bbox 1291 1006 1350 1071; x_wconf 92' lang='lat' dir='ltr'><strong>hos</strong></span> 
     </span>
     <span class='ocr_line' id='line_1_7' title="bbox 207 1111 581 1176; baseline 0 -2"><span class='ocrx_word' id='word_1_48' title='bbox 207 1115 357 1176; x_wconf 86' lang='lat' dir='ltr'><strong>accentus</strong></span> <span class='ocrx_word' id='word_1_49' title='bbox 379 1111 581 1176; x_wconf 82' lang='lat' dir='ltr'><strong>fastidirent:</strong></span> 
     </span>
    </p>
   </div>
   <div class='ocr_carea' id='block_1_3' title="bbox 295 1251 1351 1552">
    <p class='ocr_par' dir='ltr' id='par_1_3' title="bbox 295 1251 1351 1552">
     <span class='ocr_line' id='line_1_8' title="bbox 295 1251 1351 1339; baseline 0.002 -20"><span class='ocrx_word' id='word_1_50' title='bbox 295 1253 402 1338; x_wconf 88' lang='lat' dir='ltr'><strong>Magis</strong></span> <span class='ocrx_word' id='word_1_51' title='bbox 427 1277 523 1338; x_wconf 90' lang='lat' dir='ltr'><strong>quam</strong></span> <span class='ocrx_word' id='word_1_52' title='bbox 547 1251 579 1317; x_wconf 86' lang='lat' dir='ltr'><strong>id</strong></span> <span class='ocrx_word' id='word_1_53' title='bbox 602 1257 731 1338; x_wconf 87' lang='lat' dir='ltr'><strong>reput6‚</strong></span> <span class='ocrx_word' id='word_1_54' title='bbox 760 1259 827 1318; x_wconf 86' lang='lat' dir='ltr'><strong>tam</strong></span> <span class='ocrx_word' id='word_1_55' title='bbox 851 1257 956 1339; x_wconf 73' lang='lat' dir='ltr'><strong>magis</strong></span> <span class='ocrx_word' id='word_1_56' title='bbox 980 1258 1068 1338; x_wconf 82' lang='lat' dir='ltr'><strong>urdr,</strong></span> <span class='ocrx_word' id='word_1_57' title='bbox 1099 1278 1180 1339; x_wconf 92' lang='lat' dir='ltr'><strong>quae</strong></span> <span class='ocrx_word' id='word_1_58' title='bbox 1204 1259 1294 1321; x_wconf 75' lang='lat' dir='ltr'><strong>meus</strong></span> <span class='ocrx_word' id='word_1_59' title='bbox 1318 1261 1351 1322; x_wconf 88' lang='lat' dir='ltr'><strong>fi-</strong></span> 
     </span>
     <span class='ocr_line' id='line_1_9' title="bbox 1037 1362 1297 1434; baseline 0 -7"><span class='ocrx_word' id='word_1_60' title='bbox 1037 1362 1121 1434; x_wconf 85' lang='lat' dir='ltr'><strong>lius</strong></span> <span class='ocrx_word' id='word_1_61' title='bbox 1144 1364 1297 1428; x_wconf 73' lang='lat' dir='ltr'><strong>turbauit.</strong></span> 
     </span>
     <span class='ocr_line' id='line_1_10' title="bbox 295 1468 1310 1552; baseline 0.002 -18"><span class='ocrx_word' id='word_1_62' title='bbox 295 1468 412 1534; x_wconf 86' lang='lat' dir='ltr'><strong>Omnia</strong></span> <span class='ocrx_word' id='word_1_63' title='bbox 435 1491 486 1532; x_wconf 90' lang='lat' dir='ltr'><strong>me</strong></span> <span class='ocrx_word' id='word_1_64' title='bbox 511 1470 598 1534; x_wconf 75' lang='lat' dir='ltr'><strong>mala</strong></span> <span class='ocrx_word' id='word_1_65' title='bbox 622 1471 859 1552; x_wconf 78' lang='lat' dir='ltr'><strong>consectantur,</strong></span> <span class='ocrx_word' id='word_1_66' title='bbox 883 1469 1037 1534; x_wconf 86' lang='lat' dir='ltr'><strong>omnibus</strong></span> <span class='ocrx_word' id='word_1_67' title='bbox 1061 1469 1168 1535; x_wconf 83' lang='lat' dir='ltr'><strong>exitiis</strong></span> <span class='ocrx_word' id='word_1_68' title='bbox 1192 1468 1310 1536; x_wconf 87' lang='lat' dir='ltr'><strong>interii.</strong></span> 
     </span>
    </p>
   </div>
   <div class='ocr_carea' id='block_1_4' title="bbox 206 1611 1352 1910">
    <p class='ocr_par' dir='ltr' id='par_1_4' title="bbox 206 1611 1352 1910">
     <span class='ocr_line' id='line_1_11' title="bbox 208 1611 1352 1698; baseline 0.001 -23"><span class='ocrx_word' id='word_1_69' title='bbox 208 1611 296 1676; x_wconf 88' lang='lat' dir='ltr'><strong>Haec</strong></span> <span class='ocrx_word' id='word_1_70' title='bbox 319 1611 422 1696; x_wconf 83' lang='lat' dir='ltr'><strong>igilur</strong></span> <span class='ocrx_word' id='word_1_71' title='bbox 444 1615 477 1675; x_wconf 93' lang='lat' dir='ltr'><strong>et</strong></span> <span class='ocrx_word' id='word_1_72' title='bbox 499 1612 551 1676; x_wconf 91' lang='lat' dir='ltr'><strong>bis</strong></span> <span class='ocrx_word' id='word_1_73' title='bbox 575 1615 716 1696; x_wconf 89' lang='lat' dir='ltr'><strong>cognata</strong></span> <span class='ocrx_word' id='word_1_74' title='bbox 739 1634 824 1676; x_wconf 93' lang='lat' dir='ltr'><strong>nunc</strong></span> <span class='ocrx_word' id='word_1_75' title='bbox 847 1613 951 1695; x_wconf 88' lang='lat' dir='ltr'><strong>mitto,</strong></span> <span class='ocrx_word' id='word_1_76' title='bbox 974 1615 1012 1675; x_wconf 92' lang='lat' dir='ltr'><strong>ut</strong></span> <span class='ocrx_word' id='word_1_77' title='bbox 1034 1612 1131 1698; x_wconf 88' lang='lat' dir='ltr'><strong>longe</strong></span> <span class='ocrx_word' id='word_1_78' title='bbox 1154 1613 1352 1677; x_wconf 89' lang='lat' dir='ltr'><strong>uberrimum</strong></span> 
     </span>
     <span class='ocr_line' id='line_1_12' title="bbox 206 1718 1351 1804; baseline 0.001 -21"><span class='ocrx_word' id='word_1_79' title='bbox 206 1720 327 1803; x_wconf 87' lang='lat' dir='ltr'><strong>locum,</strong></span> <span class='ocrx_word' id='word_1_80' title='bbox 359 1718 414 1803; x_wconf 93' lang='lat' dir='ltr'><strong>qui</strong></span> <span class='ocrx_word' id='word_1_81' title='bbox 438 1718 477 1782; x_wconf 89' lang='lat' dir='ltr'><strong>de</strong></span> <span class='ocrx_word' id='word_1_82' title='bbox 500 1723 650 1784; x_wconf 89' lang='lat' dir='ltr'><strong>accentus</strong></span> <span class='ocrx_word' id='word_1_83' title='bbox 675 1719 823 1784; x_wconf 91' lang='lat' dir='ltr'><strong>doctrina</strong></span> <span class='ocrx_word' id='word_1_84' title='bbox 846 1724 964 1802; x_wconf 86' lang='lat' dir='ltr'><strong>restat,</strong></span> <span class='ocrx_word' id='word_1_85' title='bbox 997 1721 1108 1802; x_wconf 88' lang='lat' dir='ltr'><strong>paucis</strong></span> <span class='ocrx_word' id='word_1_86' title='bbox 1132 1720 1351 1804; x_wconf 82' lang='lat' dir='ltr'><strong>perstringam</strong></span> 
     </span>
     <span class='ocr_line' id='line_1_13' title="bbox 206 1825 1264 1910; baseline 0 -20"><span class='ocrx_word' id='word_1_87' title='bbox 206 1827 316 1910; x_wconf 89' lang='lat' dir='ltr'><strong>potius</strong></span> <span class='ocrx_word' id='word_1_88' title='bbox 340 1847 436 1910; x_wconf 89' lang='lat' dir='ltr'><strong>quam</strong></span> <span class='ocrx_word' id='word_1_89' title='bbox 461 1825 571 1889; x_wconf 87' lang='lat' dir='ltr'><strong>debita</strong></span> <span class='ocrx_word' id='word_1_90' title='bbox 594 1826 663 1888; x_wconf 90' lang='lat' dir='ltr'><strong>eius</strong></span> <span class='ocrx_word' id='word_1_91' title='bbox 687 1826 842 1910; x_wconf 83' lang='lat' dir='ltr'><strong>gravitati</strong></span> <span class='ocrx_word' id='word_1_92' title='bbox 865 1825 1036 1910; x_wconf 80' lang='lat' dir='ltr'><strong>diligentia</strong></span> <span class='ocrx_word' id='word_1_93' title='bbox 1058 1829 1264 1908; x_wconf 88' lang='lat' dir='ltr'><strong>pertractem.</strong></span> 
     </span>
    </p>
   </div>
   <div class='ocr_carea' id='block_1_5' title="bbox 668 2019 889 2084">
    <p class='ocr_par' dir='ltr' id='par_1_5' title="bbox 668 2019 889 2084">
     <span class='ocr_line' id='line_1_14' title="bbox 668 2019 889 2084; baseline -0.009 0"><span class='ocrx_word' id='word_1_94' title='bbox 668 2038 779 2084; x_wconf 75' lang='lat' dir='ltr'><strong>curva</strong></span> <span class='ocrx_word' id='word_1_95' title='bbox 803 2019 889 2084; x_wconf 87' lang='lat' dir='ltr'>XVI.</span> 
     </span>
    </p>
   </div>
   <div class='ocr_carea' id='block_1_6' title="bbox 204 2162 1435 4069">
    <p class='ocr_par' dir='ltr' id='par_1_6' title="bbox 204 2162 1435 4069">
     <span class='ocr_line' id='line_1_15' title="bbox 295 2162 1351 2248; baseline 0 -20"><span class='ocrx_word' id='word_1_96' title='bbox 295 2165 425 2228; x_wconf 81' lang='lat' dir='ltr'><strong>Etenim</strong></span> <span class='ocrx_word' id='word_1_97' title='bbox 455 2185 537 2248; x_wconf 90' lang='lat' dir='ltr'><strong>quae</strong></span> <span class='ocrx_word' id='word_1_98' title='bbox 565 2183 624 2247; x_wconf 90' lang='lat' dir='ltr'><strong>per</strong></span> <span class='ocrx_word' id='word_1_99' title='bbox 647 2162 795 2245; x_wconf 89' lang='lat' dir='ltr'><strong>superius</strong></span> <span class='ocrx_word' id='word_1_100' title='bbox 819 2166 916 2246; x_wconf 90' lang='lat' dir='ltr'><strong>caput</strong></span> <span class='ocrx_word' id='word_1_101' title='bbox 939 2167 1044 2227; x_wconf 85' lang='lat' dir='ltr'><strong>totum</strong></span> <span class='ocrx_word' id='word_1_102' title='bbox 1069 2163 1107 2228; x_wconf 89' lang='lat' dir='ltr'><strong>de</strong></span> <span class='ocrx_word' id='word_1_103' title='bbox 1132 2167 1266 2228; x_wconf 90' lang='lat' dir='ltr'><strong>accentu</strong></span> <span class='ocrx_word' id='word_1_104' title='bbox 1289 2165 1351 2230; x_wconf 90' lang='lat' dir='ltr'><strong>dis-</strong></span> 
     </span>
     <span class='ocr_line' id='line_1_16' title="bbox 207 2270 1435 2358; baseline -0.004 -22"><span class='ocrx_word' id='word_1_105' title='bbox 207 2272 302 2355; x_wconf 90' lang='lat' dir='ltr'><strong>serui,</strong></span> <span class='ocrx_word' id='word_1_106' title='bbox 326 2273 366 2336; x_wconf 88' lang='lat' dir='ltr'><strong>ad</strong></span> <span class='ocrx_word' id='word_1_107' title='bbox 391 2270 682 2356; x_wconf 87' lang='lat' dir='ltr'><strong>grammaticum</strong></span> <span class='ocrx_word' id='word_1_108' title='bbox 707 2273 905 2334; x_wconf 91' lang='lat' dir='ltr'><strong>accentum</strong></span> <span class='ocrx_word' id='word_1_109' title='bbox 930 2273 1080 2354; x_wconf 87' lang='lat' dir='ltr'><strong>spectant</strong></span> <span class='ocrx_word' id='word_1_110' title='bbox 1102 2273 1224 2338; x_wconf 90' lang='lat' dir='ltr'><strong>omnia:</strong></span> <span class='ocrx_word' id='word_1_111' title='bbox 1248 2275 1435 2358; x_wconf 84' lang='lat' dir='ltr'><strong>sequi-cour</strong></span> 
     </span>
     <span class='ocr_line' id='line_1_17' title="bbox 205 2375 1351 2460; baseline 0.003 -19"><span class='ocrx_word' id='word_1_112' title='bbox 205 2383 259 2442; x_wconf 90' lang='lat' dir='ltr'><strong>tur</strong></span> <span class='ocrx_word' id='word_1_113' title='bbox 277 2400 363 2442; x_wconf 90' lang='lat' dir='ltr'><strong>nunc</strong></span> <span class='ocrx_word' id='word_1_114' title='bbox 381 2384 417 2443; x_wconf 92' lang='lat' dir='ltr'><strong>ut</strong></span> <span class='ocrx_word' id='word_1_115' title='bbox 435 2379 474 2442; x_wconf 93' lang='lat' dir='ltr'><strong>de</strong></span> <span class='ocrx_word' id='word_1_116' title='bbox 493 2381 628 2442; x_wconf 87' lang='lat' dir='ltr'><strong>accentu</strong></span> <span class='ocrx_word' id='word_1_117' title='bbox 648 2376 777 2460; x_wconf 87' lang='lat' dir='ltr'><strong>logico</strong></span> <span class='ocrx_word' id='word_1_118' title='bbox 797 2375 964 2460; x_wconf 86' lang='lat' dir='ltr'><strong>dicatur.*)</strong></span> <span class='ocrx_word' id='word_1_119' title='bbox 998 2375 1057 2442; x_wconf 83' lang='lat' dir='ltr'><strong>Cui</strong></span> <span class='ocrx_word' id='word_1_120' title='bbox 1077 2401 1149 2442; x_wconf 94' lang='lat' dir='ltr'><strong>cum</strong></span> <span class='ocrx_word' id='word_1_121' title='bbox 1169 2380 1253 2444; x_wconf 89' lang='lat' dir='ltr'><strong>ratio</strong></span> <span class='ocrx_word' id='word_1_122' title='bbox 1272 2381 1351 2446; x_wconf 87' lang='lat' dir='ltr'><strong>item</strong></span> 
     </span>
     <span class='ocr_line' id='line_1_18' title="bbox 207 2475 1350 2572; baseline 0.002 -22"><span class='ocrx_word' id='word_1_123' title='bbox 207 2486 334 2550; x_wconf 88' lang='lat' dir='ltr'><strong>iuberet</strong></span> <span class='ocrx_word' id='word_1_124' title='bbox 357 2506 421 2550; x_wconf 91' lang='lat' dir='ltr'><strong>non</strong></span> <span class='ocrx_word' id='word_1_125' title='bbox 443 2504 625 2568; x_wconf 89' lang='lat' dir='ltr'><strong>repugnare</strong></span> <span class='ocrx_word' id='word_1_126' title='bbox 650 2475 819 2546; x_wconf 83' lang='lat' dir='ltr'><strong>metricum</strong></span> <span class='ocrx_word' id='word_1_127' title='bbox 845 2487 1019 2566; x_wconf 88' lang='lat' dir='ltr'><strong>accentum,</strong></span> <span class='ocrx_word' id='word_1_128' title='bbox 1044 2485 1099 2550; x_wconf 90' lang='lat' dir='ltr'><strong>sed</strong></span> <span class='ocrx_word' id='word_1_129' title='bbox 1123 2487 1297 2572; x_wconf 83' lang='lat' dir='ltr'><strong>conciliari,</strong></span> <span class='ocrx_word' id='word_1_130' title='bbox 1321 2489 1350 2552; x_wconf 93' lang='lat' dir='ltr'><strong>ei</strong></span> 
     </span>
     <span class='ocr_line' id='line_1_19' title="bbox 205 2589 1351 2678; baseline 0.003 -21"><span class='ocrx_word' id='word_1_131' title='bbox 205 2593 370 2676; x_wconf 88' lang='lat' dir='ltr'><strong>postulato</strong></span> <span class='ocrx_word' id='word_1_132' title='bbox 393 2591 490 2656; x_wconf 84' lang='lat' dir='ltr'><strong>facile</strong></span> <span class='ocrx_word' id='word_1_133' title='bbox 513 2589 717 2673; x_wconf 90' lang='lat' dir='ltr'><strong>intellegitur</strong></span> <span class='ocrx_word' id='word_1_134' title='bbox 739 2610 804 2652; x_wconf 91' lang='lat' dir='ltr'><strong>non</strong></span> <span class='ocrx_word' id='word_1_135' title='bbox 822 2591 969 2672; x_wconf 86' lang='lat' dir='ltr'><strong>potuisse</strong></span> <span class='ocrx_word' id='word_1_136' title='bbox 988 2591 1084 2656; x_wconf 88' lang='lat' dir='ltr'><strong>aliter</strong></span> <span class='ocrx_word' id='word_1_137' title='bbox 1103 2593 1265 2678; x_wconf 87' lang='lat' dir='ltr'><strong>satisfieri,</strong></span> <span class='ocrx_word' id='word_1_138' title='bbox 1288 2596 1351 2660; x_wconf 89' lang='lat' dir='ltr'><strong>nisi</strong></span> 
     </span>
     <span class='ocr_line' id='line_1_20' title="bbox 206 2696 1350 2786; baseline 0.002 -22"><span class='ocrx_word' id='word_1_139' title='bbox 206 2703 257 2782; x_wconf 90' lang='lat' dir='ltr'><strong>ut,</strong></span> <span class='ocrx_word' id='word_1_140' title='bbox 280 2721 361 2784; x_wconf 91' lang='lat' dir='ltr'><strong>quas</strong></span> <span class='ocrx_word' id='word_1_141' title='bbox 385 2720 479 2764; x_wconf 85' lang='lat' dir='ltr'><strong>voces</strong></span> <span class='ocrx_word' id='word_1_142' title='bbox 504 2698 551 2762; x_wconf 87' lang='lat' dir='ltr'><strong>vis</strong></span> <span class='ocrx_word' id='word_1_143' title='bbox 576 2697 754 2761; x_wconf 88' lang='lat' dir='ltr'><strong>sententiae</strong></span> <span class='ocrx_word' id='word_1_144' title='bbox 778 2696 972 2778; x_wconf 87' lang='lat' dir='ltr'><strong>intenderet,</strong></span> <span class='ocrx_word' id='word_1_145' title='bbox 1005 2698 1065 2762; x_wconf 87' lang='lat' dir='ltr'><strong>has</strong></span> <span class='ocrx_word' id='word_1_146' title='bbox 1089 2722 1199 2764; x_wconf 83' lang='lat' dir='ltr'><strong>versus</strong></span> <span class='ocrx_word' id='word_1_147' title='bbox 1224 2723 1350 2786; x_wconf 92' lang='lat' dir='ltr'><strong>quoque</strong></span> 
     </span>
     <span class='ocr_line' id='line_1_21' title="bbox 205 2803 1350 2889; baseline 0.003 -20"><span class='ocrx_word' id='word_1_148' title='bbox 205 2805 234 2869; x_wconf 90' lang='lat' dir='ltr'><strong>ei</strong></span> <span class='ocrx_word' id='word_1_149' title='bbox 258 2806 321 2870; x_wconf 90' lang='lat' dir='ltr'><strong>loci</strong></span> <span class='ocrx_word' id='word_1_150' title='bbox 344 2806 523 2889; x_wconf 88' lang='lat' dir='ltr'><strong>reciperent</strong></span> <span class='ocrx_word' id='word_1_151' title='bbox 546 2806 601 2888; x_wconf 92' lang='lat' dir='ltr'><strong>qui</strong></span> <span class='ocrx_word' id='word_1_152' title='bbox 626 2803 778 2868; x_wconf 89' lang='lat' dir='ltr'><strong>maiorem</strong></span> <span class='ocrx_word' id='word_1_153' title='bbox 803 2826 823 2867; x_wconf 89' lang='lat' dir='ltr'><strong>a</strong></span> <span class='ocrx_word' id='word_1_154' title='bbox 845 2825 1054 2868; x_wconf 90' lang='lat' dir='ltr'><strong>numerorum</strong></span> <span class='ocrx_word' id='word_1_155' title='bbox 1078 2807 1260 2872; x_wconf 88' lang='lat' dir='ltr'><strong>rationibus</strong></span> <span class='ocrx_word' id='word_1_156' title='bbox 1283 2808 1350 2872; x_wconf 82' lang='lat' dir='ltr'><strong>vim</strong></span> 
     </span>
     <span class='ocr_line' id='line_1_22' title="bbox 204 2909 1349 2994; baseline 0.003 -18"><span class='ocrx_word' id='word_1_157' title='bbox 204 2912 342 2994; x_wconf 87' lang='lat' dir='ltr'><strong>habent,</strong></span> <span class='ocrx_word' id='word_1_158' title='bbox 368 2911 399 2975; x_wconf 95' lang='lat' dir='ltr'><strong>b.</strong></span> <span class='ocrx_word' id='word_1_159' title='bbox 424 2934 450 2975; x_wconf 91' lang='lat' dir='ltr'><strong>e.</strong></span> <span class='ocrx_word' id='word_1_160' title='bbox 473 2910 570 2974; x_wconf 88' lang='lat' dir='ltr'><strong>utin</strong></span> <span class='ocrx_word' id='word_1_161' title='bbox 593 2909 670 2973; x_wconf 92' lang='lat' dir='ltr'><strong>arsi</strong></span> <span class='ocrx_word' id='word_1_162' title='bbox 699 2909 989 2974; x_wconf 87' lang='lat' dir='ltr'><strong>collocarentur</strong></span> <span class='ocrx_word' id='word_1_163' title='bbox 1011 2932 1079 2976; x_wconf 90' lang='lat' dir='ltr'><strong>nec</strong></span> <span class='ocrx_word' id='word_1_164' title='bbox 1102 2913 1162 2976; x_wconf 84' lang='lat' dir='ltr'><strong>vel</strong></span> <span class='ocrx_word' id='word_1_165' title='bbox 1186 2913 1223 2977; x_wconf 91' lang='lat' dir='ltr'><strong>in</strong></span> <span class='ocrx_word' id='word_1_166' title='bbox 1247 2914 1349 2978; x_wconf 92' lang='lat' dir='ltr'><strong>thesi</strong></span> 
     </span>
     <span class='ocr_line' id='line_1_23' title="bbox 205 3016 1350 3102; baseline 0.002 -20"><span class='ocrx_word' id='word_1_167' title='bbox 205 3019 486 3086; x_wconf 84' lang='lat' dir='ltr'><strong>delitescerent</strong></span> <span class='ocrx_word' id='word_1_168' title='bbox 510 3017 569 3080; x_wconf 85' lang='lat' dir='ltr'><strong>vel</strong></span> <span class='ocrx_word' id='word_1_169' title='bbox 593 3016 757 3080; x_wconf 91' lang='lat' dir='ltr'><strong>elisione</strong></span> <span class='ocrx_word' id='word_1_170' title='bbox 782 3017 1099 3084; x_wconf 87' lang='lat' dir='ltr'><strong>absorberentur.</strong></span> <span class='ocrx_word' id='word_1_171' title='bbox 1141 3019 1247 3102; x_wconf 86' lang='lat' dir='ltr'><strong>Atque</strong></span> <span class='ocrx_word' id='word_1_172' title='bbox 1269 3020 1350 3084; x_wconf 89' lang='lat' dir='ltr'><strong>baec</strong></span> 
     </span>
     <span class='ocr_line' id='line_1_24' title="bbox 205 3121 1350 3209; baseline 0.003 -21"><span class='ocrx_word' id='word_1_173' title='bbox 205 3125 264 3189; x_wconf 89' lang='lat' dir='ltr'><strong>illa</strong></span> <span class='ocrx_word' id='word_1_174' title='bbox 286 3126 338 3190; x_wconf 85' lang='lat' dir='ltr'><strong>lex</strong></span> <span class='ocrx_word' id='word_1_175' title='bbox 362 3130 421 3208; x_wconf 82' lang='lat' dir='ltr'><strong>est,</strong></span> <span class='ocrx_word' id='word_1_176' title='bbox 444 3145 541 3208; x_wconf 89' lang='lat' dir='ltr'><strong>quam</strong></span> <span class='ocrx_word' id='word_1_177' title='bbox 560 3145 632 3186; x_wconf 91' lang='lat' dir='ltr'><strong>cum</strong></span> <span class='ocrx_word' id='word_1_178' title='bbox 651 3122 816 3204; x_wconf 88' lang='lat' dir='ltr'><strong>praeclare</strong></span> <span class='ocrx_word' id='word_1_179' title='bbox 835 3121 1004 3188; x_wconf 88' lang='lat' dir='ltr'><strong>Bentleius</strong></span> <span class='ocrx_word' id='word_1_180' title='bbox 1023 3124 1217 3209; x_wconf 87' lang='lat' dir='ltr'><strong>indagasset,</strong></span> <span class='ocrx_word' id='word_1_181' title='bbox 1240 3129 1350 3191; x_wconf 87' lang='lat' dir='ltr'><strong>tamen</strong></span> 
     </span>
     <span class='ocr_line' id='line_1_25' title="bbox 204 3228 1348 3318; baseline 0.003 -24"><span class='ocrx_word' id='word_1_182' title='bbox 204 3231 292 3296; x_wconf 90' lang='lat' dir='ltr'><strong>haud</strong></span> <span class='ocrx_word' id='word_1_183' title='bbox 315 3231 382 3304; x_wconf 82' lang='lat' dir='ltr'><strong>scio</strong></span> <span class='ocrx_word' id='word_1_184' title='bbox 406 3253 448 3294; x_wconf 88' lang='lat' dir='ltr'><strong>an</strong></span> <span class='ocrx_word' id='word_1_185' title='bbox 469 3229 663 3314; x_wconf 87' lang='lat' dir='ltr'><strong>aliquotiens</strong></span> <span class='ocrx_word' id='word_1_186' title='bbox 683 3228 722 3293; x_wconf 88' lang='lat' dir='ltr'><strong>ad</strong></span> <span class='ocrx_word' id='word_1_187' title='bbox 741 3229 851 3311; x_wconf 86' lang='lat' dir='ltr'><strong>paullo</strong></span> <span class='ocrx_word' id='word_1_188' title='bbox 871 3231 1065 3295; x_wconf 82' lang='lat' dir='ltr'><strong>severiorem</strong></span> <span class='ocrx_word' id='word_1_189' title='bbox 1084 3255 1232 3297; x_wconf 92' lang='lat' dir='ltr'><strong>normam</strong></span> <span class='ocrx_word' id='word_1_190' title='bbox 1251 3256 1348 3318; x_wconf 89' lang='lat' dir='ltr'><strong>quam</strong></span> 
     </span>
     <span class='ocr_line' id='line_1_26' title="bbox 204 3335 1406 3424; baseline 0.003 -22"><span class='ocrx_word' id='word_1_191' title='bbox 204 3361 265 3422; x_wconf 86' lang='lat' dir='ltr'><strong>par</strong></span> <span class='ocrx_word' id='word_1_192' title='bbox 287 3337 351 3402; x_wconf 89' lang='lat' dir='ltr'><strong>fuit</strong></span> <span class='ocrx_word' id='word_1_193' title='bbox 374 3337 518 3422; x_wconf 83' lang='lat' dir='ltr'><strong>exegerit</strong></span> <span class='ocrx_word' id='word_1_194' title='bbox 540 3335 768 3400; x_wconf 84' lang='lat' dir='ltr'><strong>concinnitatis</strong></span> <span class='ocrx_word' id='word_1_195' title='bbox 792 3335 901 3401; x_wconf 87' lang='lat' dir='ltr'><strong>studio</strong></span> <span class='ocrx_word' id='word_1_196' title='bbox 924 3338 1035 3402; x_wconf 91' lang='lat' dir='ltr'><strong>nimio.</strong></span> <span class='ocrx_word' id='word_1_197' title='bbox 1073 3336 1141 3402; x_wconf 89' lang='lat' dir='ltr'><strong>Nec</strong></span> <span class='ocrx_word' id='word_1_198' title='bbox 1163 3339 1196 3403; x_wconf 90' lang='lat' dir='ltr'><strong>id</strong></span> <span class='ocrx_word' id='word_1_199' title='bbox 1220 3341 1349 3424; x_wconf 88' lang='lat' dir='ltr'><strong>mirum,</strong></span> <span class='ocrx_word' id='word_1_200' title='bbox 1404 3354 1406 3356; x_wconf 80' lang='grc'><strong>’</strong></span> 
     </span>
     <span class='ocr_line' id='line_1_27' title="bbox 206 3441 1348 3528; baseline 0.003 -18"><span class='ocrx_word' id='word_1_201' title='bbox 206 3469 277 3510; x_wconf 94' lang='lat' dir='ltr'><strong>cum</strong></span> <span class='ocrx_word' id='word_1_202' title='bbox 301 3447 335 3509; x_wconf 92' lang='lat' dir='ltr'><strong>in</strong></span> <span class='ocrx_word' id='word_1_203' title='bbox 357 3449 429 3510; x_wconf 89' lang='lat' dir='ltr'><strong>tota</strong></span> <span class='ocrx_word' id='word_1_204' title='bbox 452 3444 585 3508; x_wconf 90' lang='lat' dir='ltr'><strong>metrica</strong></span> <span class='ocrx_word' id='word_1_205' title='bbox 608 3441 861 3528; x_wconf 87' lang='lat' dir='ltr'><strong>prosodiacaque</strong></span> <span class='ocrx_word' id='word_1_206' title='bbox 880 3444 1050 3528; x_wconf 90' lang='lat' dir='ltr'><strong>disciplina</strong></span> <span class='ocrx_word' id='word_1_207' title='bbox 1063 3445 1217 3512; x_wconf 88' lang='lat' dir='ltr'><strong>Plautina</strong></span> <span class='ocrx_word' id='word_1_208' title='bbox 1231 3448 1348 3514; x_wconf 83' lang='lat' dir='ltr'><strong>Teren·</strong></span> 
     </span>
     <span class='ocr_line' id='line_1_28' title="bbox 205 3549 1349 3636; baseline 0.004 -19"><span class='ocrx_word' id='word_1_209' title='bbox 205 3553 359 3636; x_wconf 89' lang='lat' dir='ltr'><strong>tianaqne</strong></span> <span class='ocrx_word' id='word_1_210' title='bbox 381 3550 464 3614; x_wconf 90' lang='lat' dir='ltr'><strong>nihil</strong></span> <span class='ocrx_word' id='word_1_211' title='bbox 488 3551 532 3613; x_wconf 91' lang='lat' dir='ltr'><strong>sit</strong></span> <span class='ocrx_word' id='word_1_212' title='bbox 556 3549 641 3634; x_wconf 92' lang='lat' dir='ltr'><strong>quod</strong></span> <span class='ocrx_word' id='word_1_213' title='bbox 661 3550 712 3613; x_wconf 83' lang='lat' dir='ltr'><strong>vel</strong></span> <span class='ocrx_word' id='word_1_214' title='bbox 737 3550 863 3614; x_wconf 90' lang='lat' dir='ltr'><strong>cautius</strong></span> <span class='ocrx_word' id='word_1_215' title='bbox 883 3550 933 3615; x_wconf 85' lang='lat' dir='ltr'><strong>vel</strong></span> <span class='ocrx_word' id='word_1_216' title='bbox 957 3552 1109 3617; x_wconf 89' lang='lat' dir='ltr'><strong>subtilius</strong></span> <span class='ocrx_word' id='word_1_217' title='bbox 1128 3554 1281 3621; x_wconf 90' lang='lat' dir='ltr'><strong>iudicium</strong></span> <span class='ocrx_word' id='word_1_218' title='bbox 1301 3580 1349 3622; x_wconf 91' lang='lat' dir='ltr'><strong>re-</strong></span> 
     </span>
     <span class='ocr_line' id='line_1_29' title="bbox 206 3656 1348 3749; baseline 0.004 -25"><span class='ocrx_word' id='word_1_219' title='bbox 206 3660 325 3747; x_wconf 89' lang='lat' dir='ltr'><strong>quirat.</strong></span> <span class='ocrx_word' id='word_1_220' title='bbox 362 3657 487 3740; x_wconf 86' lang='lat' dir='ltr'><strong>Quippe</strong></span> <span class='ocrx_word' id='word_1_221' title='bbox 511 3678 576 3720; x_wconf 91' lang='lat' dir='ltr'><strong>non</strong></span> <span class='ocrx_word' id='word_1_222' title='bbox 601 3657 708 3740; x_wconf 89' lang='lat' dir='ltr'><strong>potuit</strong></span> <span class='ocrx_word' id='word_1_223' title='bbox 731 3656 787 3718; x_wconf 91' lang='lat' dir='ltr'><strong>uni</strong></span> <span class='ocrx_word' id='word_1_224' title='bbox 810 3656 1002 3722; x_wconf 82' lang='lat' dir='ltr'><strong>inexorabili</strong></span> <span class='ocrx_word' id='word_1_225' title='bbox 1028 3661 1215 3727; x_wconf 88' lang='lat' dir='ltr'><strong>necessitati</strong></span> <span class='ocrx_word' id='word_1_226' title='bbox 1238 3664 1271 3729; x_wconf 90' lang='lat' dir='ltr'><strong>id</strong></span> <span class='ocrx_word' id='word_1_227' title='bbox 1295 3685 1348 3749; x_wconf 83' lang='lat' dir='ltr'><strong>ge-</strong></span> 
     </span>
     <span class='ocr_line' id='line_1_30' title="bbox 205 3763 1347 3855; baseline 0.004 -23"><span class='ocrx_word' id='word_1_228' title='bbox 205 3789 264 3832; x_wconf 87' lang='lat' dir='ltr'><strong>nus</strong></span> <span class='ocrx_word' id='word_1_229' title='bbox 289 3765 459 3830; x_wconf 89' lang='lat' dir='ltr'><strong>astrictum</strong></span> <span class='ocrx_word' id='word_1_230' title='bbox 484 3784 563 3846; x_wconf 85' lang='lat' dir='ltr'><strong>esse,</strong></span> <span class='ocrx_word' id='word_1_231' title='bbox 587 3763 763 3847; x_wconf 89' lang='lat' dir='ltr'><strong>quodcum</strong></span> <span class='ocrx_word' id='word_1_232' title='bbox 783 3764 971 3846; x_wconf 84' lang='lat' dir='ltr'><strong>saepissime</strong></span> <span class='ocrx_word' id='word_1_233' title='bbox 991 3787 1007 3828; x_wconf 93' lang='lat' dir='ltr'><strong>e</strong></span> <span class='ocrx_word' id='word_1_234' title='bbox 1027 3768 1097 3832; x_wconf 93' lang='lat' dir='ltr'><strong>solo</strong></span> <span class='ocrx_word' id='word_1_235' title='bbox 1117 3792 1212 3834; x_wconf 88' lang='lat' dir='ltr'><strong>sensu</strong></span> <span class='ocrx_word' id='word_1_236' title='bbox 1232 3776 1347 3855; x_wconf 85' lang='lat' dir='ltr'><strong>poetae</strong></span> 
     </span>
     <span class='ocr_line' id='line_1_31' title="bbox 205 3868 1348 3958; baseline 0.003 -18"><span class='ocrx_word' id='word_1_237' title='bbox 205 3894 397 3958; x_wconf 90' lang='lat' dir='ltr'><strong>suspensum</strong></span> <span class='ocrx_word' id='word_1_238' title='bbox 421 3875 515 3952; x_wconf 87' lang='lat' dir='ltr'><strong>esset,</strong></span> <span class='ocrx_word' id='word_1_239' title='bbox 537 3869 641 3934; x_wconf 85' lang='lat' dir='ltr'><strong>multo</strong></span> <span class='ocrx_word' id='word_1_240' title='bbox 666 3869 772 3953; x_wconf 87' lang='lat' dir='ltr'><strong>magis</strong></span> <span class='ocrx_word' id='word_1_241' title='bbox 796 3868 876 3932; x_wconf 88' lang='lat' dir='ltr'><strong>artis</strong></span> <span class='ocrx_word' id='word_1_242' title='bbox 900 3869 963 3933; x_wconf 83' lang='lat' dir='ltr'><strong>fuit</strong></span> <span class='ocrx_word' id='word_1_243' title='bbox 981 3893 1077 3956; x_wconf 90' lang='lat' dir='ltr'><strong>quam</strong></span> <span class='ocrx_word' id='word_1_244' title='bbox 1097 3877 1259 3943; x_wconf 88' lang='lat' dir='ltr'><strong>scientiae.</strong></span> <span class='ocrx_word' id='word_1_245' title='bbox 1289 3877 1348 3943; x_wconf 82' lang='lat' dir='ltr'><strong>Et-</strong></span> 
     </span>
     <span class='ocr_line' id='line_1_32' title="bbox 206 3975 1348 4069; baseline 0 -22"><span class='ocrx_word' id='word_1_246' title='bbox 206 3983 290 4047; x_wconf 90' lang='lat' dir='ltr'><strong>enim</strong></span> <span class='ocrx_word' id='word_1_247' title='bbox 314 4005 386 4047; x_wconf 89' lang='lat' dir='ltr'><strong>cum</strong></span> <span class='ocrx_word' id='word_1_248' title='bbox 410 3980 451 4044; x_wconf 90' lang='lat' dir='ltr'><strong>ab</strong></span> <span class='ocrx_word' id='word_1_249' title='bbox 475 3978 521 4042; x_wconf 91' lang='lat' dir='ltr'><strong>eis</strong></span> <span class='ocrx_word' id='word_1_250' title='bbox 544 3977 686 4059; x_wconf 86' lang='lat' dir='ltr'><strong>vocibus,</strong></span> <span class='ocrx_word' id='word_1_251' title='bbox 711 3997 793 4060; x_wconf 89' lang='lat' dir='ltr'><strong>quae</strong></span> <span class='ocrx_word' id='word_1_252' title='bbox 813 3975 954 4040; x_wconf 91' lang='lat' dir='ltr'><strong>notionis</strong></span> <span class='ocrx_word' id='word_1_253' title='bbox 973 3980 1115 4060; x_wconf 89' lang='lat' dir='ltr'><strong>pondere</strong></span> <span class='ocrx_word' id='word_1_254' title='bbox 1133 3984 1276 4069; x_wconf 86' lang='lat' dir='ltr'><strong>insignes</strong></span> <span class='ocrx_word' id='word_1_255' title='bbox 1301 3986 1348 4048; x_wconf 92' lang='lat' dir='ltr'><strong>in-</strong></span> 
     </span>
    </p>
   </div>
   <div class='ocr_carea' id='block_1_7' title="bbox 205 4082 1347 4278">
    <p class='ocr_par' dir='ltr' id='par_1_7' title="bbox 205 4082 1347 4278">
     <span class='ocr_line' id='line_1_33' title="bbox 205 4082 1347 4169; baseline 0 -15"><span class='ocrx_word' id='word_1_256' title='bbox 205 4090 385 4154; x_wconf 89' lang='lat' dir='ltr'><strong>dubitatam</strong></span> <span class='ocrx_word' id='word_1_257' title='bbox 412 4086 535 4150; x_wconf 90' lang='lat' dir='ltr'><strong>babent</strong></span> <span class='ocrx_word' id='word_1_258' title='bbox 563 4085 628 4148; x_wconf 85' lang='lat' dir='ltr'><strong>vim</strong></span> <span class='ocrx_word' id='word_1_259' title='bbox 657 4083 851 4164; x_wconf 81' lang='lat' dir='ltr'><strong>sententiae,</strong></span> <span class='ocrx_word' id='word_1_260' title='bbox 884 4082 924 4145; x_wconf 93' lang='lat' dir='ltr'><strong>ad</strong></span> <span class='ocrx_word' id='word_1_261' title='bbox 955 4104 1008 4148; x_wconf 90' lang='lat' dir='ltr'><strong>eas</strong></span> <span class='ocrx_word' id='word_1_262' title='bbox 1015 4135 1023 4165; x_wconf 87' lang='lat'>‚</span> <span class='ocrx_word' id='word_1_263' title='bbox 1057 4107 1140 4169; x_wconf 89' lang='lat' dir='ltr'><strong>quae</strong></span> <span class='ocrx_word' id='word_1_264' title='bbox 1173 4089 1347 4156; x_wconf 90' lang='lat' dir='ltr'><strong>destitutae</strong></span> 
     </span>
     <span class='ocr_line' id='line_1_34' title="bbox 205 4186 1347 4278; baseline -0.002 -18"><span class='ocrx_word' id='word_1_265' title='bbox 205 4199 281 4260; x_wconf 90' lang='lat' dir='ltr'><strong>sunt</strong></span> <span class='ocrx_word' id='word_1_266' title='bbox 304 4195 402 4277; x_wconf 87' lang='lat' dir='ltr'><strong>omni,</strong></span> <span class='ocrx_word' id='word_1_267' title='bbox 425 4191 664 4278; x_wconf 88' lang='lat' dir='ltr'><strong>perplurimos</strong></span> <span class='ocrx_word' id='word_1_268' title='bbox 687 4186 807 4272; x_wconf 85' lang='lat' dir='ltr'><strong>gradus</strong></span> <span class='ocrx_word' id='word_1_269' title='bbox 832 4187 1034 4254; x_wconf 87' lang='lat' dir='ltr'><strong>deveniatur:</strong></span> <span class='ocrx_word' id='word_1_270' title='bbox 1068 4193 1130 4255; x_wconf 88' lang='lat' dir='ltr'><strong>etsi</strong></span> <span class='ocrx_word' id='word_1_271' title='bbox 1154 4191 1192 4256; x_wconf 93' lang='lat' dir='ltr'><strong>de</strong></span> <span class='ocrx_word' id='word_1_272' title='bbox 1215 4192 1347 4259; x_wconf 89' lang='lat' dir='ltr'><strong>illorum</strong></span> 
     </span>
    </p>
   </div>
   <div class='ocr_carea' id='block_1_8' title="bbox 204 4363 1347 4691">
    <p class='ocr_par' dir='ltr' id='par_1_8' title="bbox 204 4363 1347 4615">
     <span class='ocr_line' id='line_1_35' title="bbox 292 4363 1346 4438; baseline -0.008 -13"><span class='ocrx_word' id='word_1_273' title='bbox 292 4369 318 4438; x_wconf 85' lang='lat'><strong>*)</strong></span> <span class='ocrx_word' id='word_1_274' title='bbox 338 4371 402 4424; x_wconf 89' lang='lat' dir='ltr'><strong>Non</strong></span> <span class='ocrx_word' id='word_1_275' title='bbox 419 4369 518 4438; x_wconf 83' lang='lat' dir='ltr'><strong>ignoro</strong></span> <span class='ocrx_word' id='word_1_276' title='bbox 538 4363 666 4432; x_wconf 84' lang='lat' dir='ltr'><strong>equidem</strong></span> <span class='ocrx_word' id='word_1_277' title='bbox 685 4363 738 4416; x_wconf 88' lang='lat' dir='ltr'><strong>hac</strong></span> <span class='ocrx_word' id='word_1_278' title='bbox 754 4363 894 4430; x_wconf 87' lang='lat' dir='ltr'><strong>potestate</strong></span> <span class='ocrx_word' id='word_1_279' title='bbox 908 4377 964 4416; x_wconf 91' lang='lat' dir='ltr'><strong>non</strong></span> <span class='ocrx_word' id='word_1_280' title='bbox 978 4379 1037 4417; x_wconf 85' lang='lat' dir='ltr'><strong>esse</strong></span> <span class='ocrx_word' id='word_1_281' title='bbox 1054 4365 1223 4422; x_wconf 84' lang='lat' dir='ltr'><strong>‘accentum’</strong></span> <span class='ocrx_word' id='word_1_282' title='bbox 1240 4367 1346 4423; x_wconf 84' lang='lat' dir='ltr'><strong>dietum</strong></span> 
     </span>
     <span class='ocr_line' id='line_1_36' title="bbox 205 4447 1347 4523; baseline -0.012 -7"><span class='ocrx_word' id='word_1_283' title='bbox 205 4479 223 4516; x_wconf 86' lang='lat' dir='ltr'><strong>a</strong></span> <span class='ocrx_word' id='word_1_284' title='bbox 240 4459 389 4515; x_wconf 87' lang='lat' dir='ltr'><strong>veteribus.</strong></span> <span class='ocrx_word' id='word_1_285' title='bbox 426 4456 487 4522; x_wconf 83' lang='lat' dir='ltr'><strong>Quo</strong></span> <span class='ocrx_word' id='word_1_286' title='bbox 509 4457 604 4509; x_wconf 85' lang='lat' dir='ltr'><strong>tamen</strong></span> <span class='ocrx_word' id='word_1_287' title='bbox 628 4451 755 4518; x_wconf 87' lang='lat' dir='ltr'><strong>nomine,</strong></span> <span class='ocrx_word' id='word_1_288' title='bbox 783 4451 815 4502; x_wconf 88' lang='lat' dir='ltr'><strong>nt</strong></span> <span class='ocrx_word' id='word_1_289' title='bbox 836 4447 1032 4519; x_wconf 86' lang='lat' dir='ltr'><strong>perspicuitati</strong></span> <span class='ocrx_word' id='word_1_290' title='bbox 1050 4456 1204 4523; x_wconf 81' lang='lat' dir='ltr'><strong>consulam,</strong></span> <span class='ocrx_word' id='word_1_291' title='bbox 1233 4461 1296 4512; x_wconf 78' lang='lat' dir='ltr'><strong>utor</strong></span> <span class='ocrx_word' id='word_1_292' title='bbox 1314 4475 1347 4512; x_wconf 65' lang='grc' dir='ltr'><strong>ρο</strong></span> 
     </span>
     <span class='ocr_line' id='line_1_37' title="bbox 204 4536 1248 4615; baseline -0.026 -11"><span class='ocrx_word' id='word_1_293' title='bbox 204 4548 337 4606; x_wconf 87' lang='lat' dir='ltr'><strong>libentius</strong></span> <span class='ocrx_word' id='word_1_294' title='bbox 355 4562 411 4615; x_wconf 88' lang='lat' dir='ltr'><strong>qno</strong></span> <span class='ocrx_word' id='word_1_295' title='bbox 429 4544 539 4615; x_wconf 87' lang='lat' dir='ltr'><strong>planior</strong></span> <span class='ocrx_word' id='word_1_296' title='bbox 558 4547 679 4612; x_wconf 82' lang='lat' dir='ltr'><strong>cognata</strong></span> <span class='ocrx_word' id='word_1_297' title='bbox 697 4539 739 4592; x_wconf 84' lang='lat' dir='ltr'><strong>vis</strong></span> <span class='ocrx_word' id='word_1_298' title='bbox 758 4539 788 4592; x_wconf 90' lang='lat' dir='ltr'><strong>et</strong></span> <span class='ocrx_word' id='word_1_299' title='bbox 805 4536 878 4590; x_wconf 81' lang='lat' dir='ltr'><strong>ratio</strong></span> <span class='ocrx_word' id='word_1_300' title='bbox 897 4540 1043 4609; x_wconf 66' lang='lat' dir='ltr'><strong>utriusque</strong></span> <span class='ocrx_word' id='word_1_301' title='bbox 1062 4549 1172 4613; x_wconf 54' lang='lat' dir='ltr'>generi</span> <span class='ocrx_word' id='word_1_302' title='bbox 1192 4549 1248 4603; x_wconf 41' lang='lat' dir='ltr'><strong>flag·</strong></span> 
     </span>
    </p>

    <p class='ocr_par' dir='ltr' id='par_1_9' title="bbox 256 4643 1132 4691">
     <span class='ocr_line' id='line_1_38' title="bbox 256 4643 1132 4691; baseline -0.023 0"><span class='ocrx_word' id='word_1_303' title='bbox 256 4658 296 4691; x_wconf 78' lang='lat' dir='ltr'><strong>uu.</strong></span> <span class='ocrx_word' id='word_1_304' title='bbox 316 4653 465 4690; x_wconf 77' lang='lat' dir='ltr'><strong>rruscncuu</strong></span> <span class='ocrx_word' id='word_1_305' title='bbox 486 4651 619 4688; x_wconf 79' lang='lat' dir='ltr'><strong>orvecvm</strong></span> <span class='ocrx_word' id='word_1_306' title='bbox 639 4651 663 4686; x_wconf 79' lang='lat' dir='ltr'><strong>v.</strong></span> <span class='ocrx_word' id='word_1_307' title='bbox 1101 4643 1132 4689; x_wconf 82' lang='lat'><strong>31</strong></span> 
     </span>
    </p>
   </div>
   <div class='ocr_carea' id='block_1_9' title="bbox 0 0 1670 5074">
    <p class='ocr_par' dir='ltr' id='par_1_10' title="bbox 0 0 1670 5074">
     <span class='ocr_line' id='line_1_39' title="bbox 0 0 1670 5074; baseline 0 0"><span class='ocrx_word' id='word_1_308' title='bbox 0 0 1670 5074; x_wconf 95' lang='lat' dir='ltr'><strong> </strong></span> 
     </span>
    </p>
   </div>
  </div>
 </body>
</html>
