3318 5072
280 378 346 443 510
568 395 831 443 raonscounnl
857 397 903 443 ns
927 395 1138 444 nl'rronrnvs

281 540 454 604 severitate
483 540 646 604 senarium
675 563 713 605 eo
742 539 870 605 differre
898 541 1053 625 vidimus,
1086 541 1224 626 quod'in
1250 541 1311 606 hoc
1335 539 1426 604 tertii

281 647 371 730 pedis
396 651 607 731 anapaestum
631 648 714 712 alter
737 648 887 712 comitari
906 652 1100 732 anapaestus
1119 649 1153 713 in
1172 649 1327 734 contiguo
1347 647 1426 732 pede

120 753 407 838 cccxxxvrpotuit,
430 754 593 839 dactylum
613 755 645 818 in
664 754 722 819 illo
745 777 811 819 non
835 757 885 818 est
904 755 988 820 alter
1008 755 1153 839 dactylus
1172 757 1357 839 comitatus,
1380 755 1427 820 ita

280 882 362 945 quae
385 861 419 924 in
444 863 628 945 septenario
658 861 790 926 licentia
820 862 873 926 uni
898 866 1003 926 certae
1027 883 1179 926 caesurae
1204 861 1364 944 adhaesit,
1393 865 1427 925 et

281 969 310 1030 ei
335 967 465 1052 quidem
493 991 557 1052 qua
584 967 736 1052 dactylici
765 968 890 1032 numeri
915 968 1049 1033 offensio
1074 971 1213 1034 maxime
1238 969 1427 1034 obscurare-

281 1080 347 1158 tur,
380 1097 418 1138 ca
445 1074 579 1139 licentia
606 1075 640 1138 in
670 1073 799 1138 senario
828 1097 848 1138 a
871 1074 960 1138 nulla
984 1095 1117 1139 caesura
1140 1097 1272 1159 prorsus
1297 1075 1427 1139 exclusa

283 1181 353 1245 fuit.
399 1179 445 1246 Et
473 1181 612 1246 maxime
641 1181 770 1265 quidem
798 1181 992 1267 bisyllabam
1020 1183 1203 1248 anacrusim
1232 1181 1267 1246 in
1297 1181 1426 1247 senario

281 1309 408 1373 quoque
441 1310 479 1353 ea
512 1310 645 1354 caesura
677 1287 855 1353 occultavit
888 1312 969 1375 qnae
1003 1289 1150 1374 legitima
1178 1288 1426 1372 penthemimeri

281 1417 346 1460 una
369 1395 497 1479 syllaba
520 1395 609 1479 prior
628 1399 685 1459 est.
719 1393 805 1460 Nam
825 1397 886 1460 etsi
905 1395 1071 1461 trochaico
1092 1396 1266 1460 iambicum
1286 1399 1425 1460 metrum

281 1502 328 1567 ita
360 1502 547 1587 oppositum
580 1507 631 1567 est
662 1506 712 1585 ut,
745 1525 843 1586 quam
874 1501 942 1567 illic
973 1504 1038 1568 vim
1070 1503 1232 1588 dactylus,
1266 1501 1319 1567 hic
1350 1524 1425 1567 ana·

281 1613 413 1693 paestus
437 1608 567 1692 habeat,
589 1612 700 1673 tamen
723 1630 788 1673 non
812 1612 880 1673 tam
904 1610 1081 1675 cavendum
1105 1609 1185 1674 illud
1208 1609 1272 1673 fuit
1291 1613 1336 1692 nt,
1360 1630 1424 1693 quo

245 1723 256 1736 '
282 1717 354 1781 loco
378 1717 553 1801 septenarii
577 1716 725 1800 dactylus
749 1717 871 1781 vitatus
895 1719 958 1800 cst,
991 1739 1029 1782 eo
1054 1718 1172 1782 senarii
1197 1717 1268 1783 loco
1292 1739 1332 1782 ne
1355 1739 1426 1802 per-

281 1823 441 1908 ciperetur
468 1825 694 1908 anapaesticus
721 1846 888 1908 numerus,
920 1847 1017 1909 quam
1046 1823 1108 1890 hoc
1130 1825 1239 1910 potius
1263 1829 1299 1890 nt
1322 1847 1363 1888 nc
1387 1847 1425 1889 eo

281 1932 366 2014 loco,
399 1931 454 1994 ubi
483 1931 648 2014 quaelibet
675 1930 849 1996 insolentia
876 1932 981 1995 acrius
1009 1931 1049 1996 ad
1077 1953 1171 1996 aures
1201 1932 1317 1997 accidit
1344 1932 1374 1996 h.
1399 1954 1425 1997 e.

282 2041 357 2102 ante
380 2037 485 2122 ipsam
510 2059 677 2102 caesuram
702 2039 736 2102 in
760 2059 824 2122 qua
846 2059 947 2122 pausa
970 2037 1008 2101 fit
1031 2038 1134 2120 vocis,
1158 2037 1190 2102 id
1215 2037 1426 2123 insigniretur

281 2144 368 2228 quod
400 2145 521 2228 dactyli
555 2168 613 2228 pro
646 2145 800 2210 trochaeo
833 2145 1064 2230 anapaestique
1093 2167 1153 2230 pro
1184 2144 1293 2210 iambo
1324 2145 1422 2228 positi

280 2273 449 2317 commune
477 2256 527 2316 cat
554 2253 584 2317 h.
608 2275 634 2316 c.
662 2253 825 2337 bisyllaba
852 2274 911 2336 pro
940 2253 1167 2337 monosyllaba
1194 2251 1305 2318 thesis.
1352 2251 1423 2328 Quo

281 2359 318 2422 fit
341 2361 378 2422 ut
400 2359 433 2422 in
457 2359 585 2423 senario
608 2381 735 2444 quoque
759 2360 888 2443 rectius,
912 2381 1009 2443 quarn
1033 2363 1246 2444 anapaestum
1270 2361 1304 2424 in
1327 2360 1424 2424 tertio

190 2519 203 2539 ,
280 2466 374 2551 pede,
406 2465 551 2530 dicamus
580 2487 653 2530 eum
682 2466 846 2550 dactylum
874 2467 1012 2532 vitatum
1043 2488 1112 2532 esse
1141 2467 1197 2553 qui
1225 2467 1424 2551 compositus

282 2573 325 2636 sit
348 2595 387 2638 ex
413 2573 477 2638 arsi
501 2572 632 2636 secundi
661 2573 752 2657 pedis
778 2574 992 2658 anacrusique
1015 2575 1119 2658 tertii,
1151 2574 1292 2638 maxime
1316 2577 1424 2639 autem

281 2679 420 2745 vitatum
451 2700 521 2744 essa
551 2679 584 2742 in
615 2679 849 2764 semiquinaria
879 2701 1019 2746 caesura.
1065 2679 1180 2764 Itaque
1210 2679 1333 2764 perrari
1364 2703 1424 2745 nec

281 2786 428 2872 profecto
456 2786 583 2850 venusti
611 2787 694 2850 tales
722 2807 833 2852 versus
862 2791 938 2851 snnt
965 2787 1077 2872 quales
1101 2788 1136 2851 in
1158 2787 1283 2852 duabus
1306 2787 1424 2852 fabulis
1458 2799 1463 2808 '

281 2893 477 2978 quattuor*)
502 2897 630 2958 tantum
655 2893 847 2958 offendimus
871 2893 961 2958 Trin.
983 2895 1058 2959 421.
1084 2895 1171 2975 [792.
1211 2893 1328 2960 Bacch.
1351 2895 1425 2960 564.

281 3001 345 3065 573
370 2999 457 3084 (5526.
482 2999 594 3084 605)]:

369 3107 414 3171 nr
436 3107 491 3170 rue
514 3107 603 3171 acuis
627 3110 791 3190 manaae
815 3109 873 3173 rus
896 3113 929 3173 a
952 3109 1097 3194 accepit?
1122 3090 1313 3172 tomorum.

370 3213 468 3294 [Eum
492 3235 588 3297 quem
612 3213 729 3278 habuit
750 3215 897 3293 perdidit,
922 3215 1022 3279 alium
1046 3218 1121 3299 post
1144 3213 1222 3278 fecit
1245 3217 1387 3294 nouom]

371 3320 436 3402 [lta
459 3320 728 3403 dentifranpiuua
751 3321 831 3386 hae‘c
855 3323 933 3386 meis
958 3322 1108 3387 manibus
1132 3321 1298 3406 gestiunt]

371 3427 467 3508 [Vale
490 3427 761 3511 dentifrangibula
783 3411 844 3494 -Flt
865 3434 900 3494 tu
926 3431 1182 3514 integumentum
1207 3429 1302 3508 nale]

282 3535 425 3611 Quorum
448 3534 553 3617 primo
577 3537 610 3597 et
632 3536 729 3600 tertio
752 3535 876 3620 aliquid
900 3537 1107 3602 delenimenti
1131 3540 1165 3601 et
1188 3537 1332 3600 elisionis
1352 3557 1425 3600 coa·

282 3641 395 3727 gulam
423 3645 456 3705 et
478 3640 519 3704 ad
542 3641 827 3725 semiseptenariae
851 3643 1097 3708 similitudinem
1123 3643 1275 3708 accedens
1300 3643 1424 3726 specics

282 3746 449 3812 conciliat:
480 3747 573 3812 alteri
597 3753 630 3812 et
652 3752 769 3832 quarto
793 3749 902 3832 paullo
926 3750 1000 3834 plus
1024 3749 1194 3814 molestiae
1217 3753 1293 3834 post
1315 3749 1423 3833 dacty-

122 3855 370 3923 ccnxxxvnlum
389 3852 476 3918 facta
494 3854 714 3939 interpunctio
735 3857 838 3940 affert,
856 3878 1052 3941 quamquam
1076 3858 1108 3922 id
1128 3855 1366 3922 incommodum
1392 3857 1424 3920 in

282 3965 399 4046 quarto
423 3959 574 4026 similiter
597 3965 694 4047 atque
718 3965 751 4028 in
775 3965 881 4048 primo
905 3965 1065 4050 tertioque
1089 3967 1335 4049 compensatum
1360 3968 1423 4028 est:

282 4067 440 4153 singulari
468 4069 645 4152 asperitate
672 4070 814 4155 reliquos
844 4071 1001 4136 secundus
1024 4072 1216 4156 praevertit,
1244 4075 1280 4136 ut
1303 4072 1336 4135 in
1361 4091 1425 4154 qno

282 4176 429 4259 dactylus
453 4175 614 4259 dactylico
638 4175 797 4241 vocabulo
820 4177 990 4242 conclusus
1015 4178 1067 4243 sit.
1104 4176 1225 4243 Contra
1248 4178 1422 4262 plurimum

282 4283 493 4290 -.-*---—-

352 4331 468 4402 ‘)[Tria
482 4332 612 4401 exempla
625 4331 745 4387 delenda
758 4349 820 4387 csse
834 4337 934 4404 postea
947 4333 1088 4390 intellexit
1096 4333 1279 4390 Ritschclius:
1293 4333 1425 4390 dealtero

282 4437 365 4476 versu
385 4421 417 4473 cl.
439 4439 465 4490 p.
486 4427 552 4486 θεῖς
570 4422 656 4477 tertio
675 4425 704 4477 et
722 4423 822 4490 quarto
841 4423 972 4492 probavit
989 4423 1064 4492 quod
1084 4423 1221 4494 Bergkius
1239 4425 1424 4495 proposuerat

281 4509 499 4577 dentifrayr'hula
518 4511 547 4561 et
565 4509 799 4580 dentifrapihule.]
