3266 5070
431 361 505 407 UND
529 361 588 409 DIE
611 361 798 412 LEIPZIGER
822 365 1142 418 l'LAUTUSS'PUDIEN.

527 501 580 555 Hic
598 501 648 557 ubi
669 503 793 559 excelsos
811 505 953 561 celebrata
971 525 1064 564 muros

526 589 641 647 Sarsina
658 592 744 665 tollit.

465 679 610 750 Quumque
628 681 754 738 bissenos
772 686 931 754 superasset
948 701 1048 754 eunoe,

525 769 622 839 ingeni
642 770 732 826 cultor
750 772 859 843 fugiens
878 775 1025 843 paternum

524 856 623 912 Limen
642 859 677 913 sd
697 877 817 930 magnae
835 879 954 932 propere
971 865 1087 920 recessit

525 947 637 1003 Moenia
656 949 769 1007 Romae.

462 1035 588 1091 Dulciter
606 1037 697 1093 clares
715 1038 875 1094 modulatur
893 1043 967 1097 ortes

523 1125 674 1196 Tempore,
693 1126 815 1182 invictus
833 1127 916 1197 Cato,
936 1130 1050 1188 Fulvius
1069 1151 1125 1202 quo

525 1211 634 1286 Scipio,
652 1218 682 1271 et
700 1216 775 1272 fame
794 1215 898 1274 celebri
915 1237 1036 1290 perenne

522 1303 660 1374 Prorogat
678 1321 787 1361 aevum.

462 1391 615 1448 criminum
633 1393 761 1449 altricem
779 1393 889 1450 domuit
907 1397 1050 1454 iuventam

522 1479 639 1552 Saepius
657 1483 757 1554 longos
775 1483 920 1554 vigilando
939 1489 1050 1556 noctes,

520 1569 600 1626 Vnde
620 1570 710 1626 divini
726 1572 829 1627 tacitus
847 1573 969 1644 resurgit

519 1659 644 1714 Pectoris
663 1659 754 1716 ardor.

458 1749 579 1818 Asperos
598 1747 687 1804 sensit
704 1752 799 1806 tamen
817 1749 882 1806 inde
901 1767 997 1807 cursus

521 1837 604 1892 Vites
623 1838 652 1892 et
669 1837 765 1894 infesti
784 1839 910 1909 precium
929 1839 1046 1908 leboris;

522 1927 593 1982 Nem
614 1927 718 1982 molem
737 1926 806 1982 duro
826 1926 932 1984 Cereris
950 1931 1082 1986 terendae
1153 1925 1159 1938 ’

518 2016 632 2071 Munere
649 2015 748 2072 volvit

459 2104 504 2159 Dii
522 2103 589 2162 boui
607 2105 712 2174 quanto
730 2105 823 2162 studio
842 2107 872 2162 et
889 2107 978 2163 nitore

517 2195 571 2249 Hic
590 2210 655 2250 euos
673 2196 772 2250 auctor
790 2194 905 2252 decorat
921 2195 1044 2252 libellos!

517 2281 614 2354 Carpit
632 2301 666 2338 en
687 2283 784 2339 luxum
802 2285 927 2354 variique
945 2288 1083 2341 monstrat

517 2372 658 2442 Dogmats
675 2373 767 2428 saecli.

458 2460 558 2531 Cerne,
576 2464 610 2516 ut
626 2461 760 2517 Actaeam
780 2461 907 2532 sequitur
924 2463 1079 2520 Minervam

519 2551 642 2620 Vultque
661 2551 698 2604 ad
716 2549 860 2621 exemplar
877 2551 985 2632 palpitet
1002 2553 1101 2622 vagari

518 2639 610 2709 Illius,
629 2639 730 2696 Graiae
748 2639 797 2708 qui
816 2641 877 2695 erat
895 2642 925 2695 et
943 2641 1061 2697 Sicanae

518 2727 615 2784 Gloria
631 2729 732 2783 terrae.

459 2815 522 2872 Non
540 2833 612 2884 queo
630 2816 728 2871 londes
747 2816 861 2871 meritas
880 2816 982 2872 referre

517 2905 587 2960 Tam
606 2904 646 2975 pii
664 2905 736 2961 vetis
754 2922 870 2960 numero
888 2905 935 2960 vel
953 2921 1011 2974 ore,

516 2991 604 3057 Quem
624 2996 738 3064 stupent
756 2994 858 3050 summi
876 2991 1093 3063 medioximique

513 3079 654 3137 Laudibus
673 3083 781 3137 ornent.

220 3529 267 3603 ’3.
299 3545 425 3601 Sieben
443 3544 658 3617 Epigramme
676 3545 737 3599 suf
751 3545 806 3601 die
825 3544 1090 3600 Plautinischen
1109 3545 1299 3604 Comddien.

189 3675 266 3744 (Aue
278 3670 407 3726 ‘Stichus
420 3668 566 3726 Plautinus
579 3669 745 3740 pudicitiam
759 3687 792 3726 ao
805 3671 964 3728 maritalem
983 3671 1067 3727 iidem
1086 3670 1173 3726 etium
1191 3673 1220 3728 in
1234 3673 1346 3730 sinistra

209 3763 331 3818 fortuna
350 3757 516 3814 servaudsm
534 3775 593 3814 esse
612 3759 726 3816 docsus'
746 3759 870 3831 Leipzig,
888 3759 989 3816 Meloh.
1008 3760 1107 3815 Lotter
1126 3767 1204 3830 1512,
1223 3762 1280 3818 und
1298 3762 1328 3817 in

349 3848 440 3904 ciuem
458 3864 549 3904 neuen
567 3848 701 3903 Abdruck
719 3864 774 3903 von
795 3855 871 3918 1513,
891 3849 941 3904 auf
957 3849 1021 3904 dem
1039 3849 1197 3922 Titelblatt)

192 3992 257 4048 Viti
267 3989 400 4047 Vuerleri
413 3989 553 4045 distichon
567 3989 597 4045 in
606 3989 800 4045 Plautinarum
814 3991 974 4047 fabularum
984 3991 1137 4048 utilitatem
1149 3992 1287 4062 composit
1337 4035 1342 4048 .

362 4114 417 4181 Qui
435 4115 512 4185 cupis
530 4115 567 4170 ad
585 4115 661 4170 vitae
680 4114 789 4186 frugem
808 4115 960 4185 Latiasque
980 4115 1134 4173 Gamoenss

414 4203 547 4274 Pergere,
564 4219 601 4260 ne
619 4203 743 4258 dubites:
763 4205 857 4260 omnia
874 4204 991 4260 Plautus
1009 4205 1104 4261 hebet.

699 4308 710 4344 1
750 4331 757 4346 .

360 4377 442 4440 Artes
461 4379 650 4450 Thespiadum
663 4291 700 4435 ii
710 4290 810 4436 1iirios
829 4397 879 4450 pro
897 4381 1024 4450 tempore
1042 4396 1134 4436 mores

413 4467 536 4524 Plautini
554 4471 710 4525 monstrant
728 4471 1002 4540 commemorautque
1021 4468 1102 4526 sales.
