3338 5072
297 365 362 432 322
587 383 848 434 eeoasconsun
873 383 920 431 ns
943 381 1153 432 anmournvs

298 501 521 610 [6666166661
539 529 614 614 66],
636 552 664 594 v.
688 529 754 595 252
776 531 935 612 aestrptieo
959 551 975 593 e
999 545 1201 595 ussmseron
1225 529 1346 594 6611616
1368 527 1441 594 reli-

296 656 434 720 quorum
458 636 616 700 memoria
637 637 815 719 nectieplice,
836 637 998 720 oestepla'ce.

386 740 448 808 Sed
472 765 570 828 quam
593 747 661 808 tam
684 743 856 809 luculentis
881 743 1082 809 documentis
1104 745 1341 830 praestantiam
1364 741 1442 807 Am-

296 848 440 915 brosiani
468 850 586 916 codicis
610 852 702 920 satis¹
719 852 959 916 demonstrasse
986 849 1110 936 videor,
1137 873 1209 916 eam
1232 851 1318 917 idem
1341 851 1442 934 probe

295 958 448 1043 intellego
472 980 538 1024 non
557 959 709 1024 continuo
728 958 831 1043 ipsius
854 960 1050 1024 recensionis
1073 959 1213 1024 bonitati
1236 958 1441 1024 tribuendam

296 1087 380 1130 esse:
413 1066 513 1131 immo
544 1066 746 1152 largiendum
774 1071 826 1132 est
852 1069 924 1152 pari
955 1067 1007 1132 vel
1035 1065 1114 1132 adeo
1144 1067 1266 1132 maiore
1296 1066 1441 1131 bonitate

294 1173 441 1257 potuisse
459 1169 613 1256 Calliopii
636 1173 857 1238 recensionem
880 1195 959 1240 esse.
996 1172 1118 1239 Verum
1142 1175 1174 1239 id
1198 1177 1235 1238 ut
1257 1173 1306 1238 ita
1328 1193 1442 1257 reapse

296 1300 366 1343 esse
389 1279 605 1344 demonstrari
628 1281 751 1365 nequit,
773 1282 821 1346 ita
843 1281 969 1347 tamdiu
992 1281 1120 1346 nullum
1143 1281 1183 1346 ad
1207 1279 1440 1346 emendandum

297 1407 391 1450 usum
414 1387 522 1472 habet,
546 1387 699 1471 quamdiu
723 1410 797 1472 non,
820 1388 926 1474 qualis
949 1389 1080 1453 tandem
1104 1409 1143 1451 ea
1169 1387 1312 1453 recensio
1334 1386 1442 1471 fuerit,

295 1493 399 1559 libera
426 1495 595 1558 etiamtum
620 1494 865 1559 assecularum
889 1493 1050 1580 sordibus,
1080 1495 1229 1580 supparis
1253 1495 1370 1559 aetatis
1394 1495 1442 1560 lo·

295 1600 405 1684 euples
428 1601 523 1664 testis
545 1622 607 1666 nos
631 1601 777 1666 edoceat:
805 1601 912 1686 qualis
936 1602 963 1666 si
988 1601 1022 1666 in
1044 1605 1199 1685 promptu
1223 1604 1318 1685 esset,
1340 1602 1439 1666 inte-

295 1727 401 1792 gram
429 1707 524 1772 nobis
548 1705 699 1791 Calliopii
727 1729 858 1792 operam
888 1711 1071 1793 praestans,
1098 1729 1164 1773 non
1186 1729 1345 1794 negamus
1368 1730 1440 1772 eam

295 1837 355 1880 nos
392 1814 563 1880 fortasse
592 1835 670 1899 prae
703 1814 913 1880 Ambrosiani
944 1815 1132 1881 recensione
1163 1819 1329 1881 secuturos
1362 1837 1442 1880 esse.

296 1923 340 1986 At
354 1943 429 1988 vero
450 1924 648 2007 quantopere
667 1920 706 1985 de
724 1922 863 2005 pristina
879 1921 1026 1986 bonitate
1041 1919 1194 2006 Calliopii
1214 1923 1358 1988 recensio
1376 1943 1442 1987 non

294 2030 441 2114 potuerit
462 2050 527 2094 non
550 2029 759 2115 degenerare,
783 2029 948 2093 aestimari
973 2051 990 2092 e
1014 2029 1113 2113 longe
1136 2030 1260 2093 minore
1284 2029 1439 2113 temporis

295 2135 467 2200 intervallo
494 2140 605 2220 potest
632 2135 718 2220 quod
731 2135 834 2222 „inser
862 2135 927 2200 OD
955 2140 988 2201 et
1015 2135 1049 2198 B
1077 2135 1272 2201 intercessit:
1304 2157 1441 2220 qnorum

294 2243 346 2307 bic
370 2247 427 2308 aut
449 2242 581 2307 illorum
605 2242 833 2307 additamentis
858 2246 959 2326 caret,
985 2248 1023 2307 ut
1045 2265 1073 2306 v.
1097 2242 1163 2307 263
1186 2244 1281 2326 enim,
1312 2246 1369 2307 661
1396 2243 1441 2306 la·

294 2350 385 2415 cunis
414 2351 465 2414 vel
492 2349 666 2416 levioribus
695 2353 733 2415 ut
755 2371 783 2414 r.
810 2351 850 2415 10
879 2347 955 2437 (ea),
989 2351 1037 2414 14.
1064 2349 1104 2425 16
1128 2349 1197 2436 (ei),
1225 2350 1277 2416 vel
1300 2348 1442 2433 complo-
1560 2386 1562 2390 ·

295 2459 380 2521 rium
403 2456 634 2522 vocabulorum
663 2461 698 2521 ut
721 2479 749 2522 v.
773 2457 838 2521 292
861 2477 936 2538 qnos
958 2457 1160 2541 contaminat,
1184 2457 1233 2522 vel
1257 2457 1337 2522 adeo
1360 2457 1441 2521 inte·

296 2583 428 2648 grorum
456 2585 608 2628 versuum
637 2565 710 2628 322.
740 2564 819 2646 904,
853 2568 911 2628 661
928 2563 1032 2628 'falsis
1063 2563 1374 2648 transpositionibus
1405 2566 1443 2625 ut

295 2693 324 2734 v.
348 2671 368 2736 6
386 2672 527 2752 primm
550 2671 654 2753 rpitnr,
685 2669 725 2735 18
748 2689 858 2734 nomen
882 2691 1001 2754 966666,
1029 2671 1094 2736 215
1117 2672 1219 2735 uerbis
1240 2691 1353 2754 661666,
1376 2669 1440 2735 287

296 2779 351 2843 tibi
377 2783 480 2863 conto,
508 2777 573 2842 366
600 2797 662 2842 6666
690 2777 844 2861 agundae,
871 2777 937 2842 392
964 2798 1016 2860 epo
1041 2783 1090 2859 61,
1117 2778 1183 2843 458
1211 2778 1267 2842 noi
1292 2777 1443 2860 respondi,

295 2886 361 2952 463
389 2885 445 2951 toi
471 2885 629 2969 effodiam,
658 2883 722 2949 755
749 2885 851 2966 ipsam
877 2904 956 2968 rern,
986 2889 1045 2949 aut
1078 2885 1152 2950 61116
1185 2885 1378 2969 corruptelis
1407 2889 1443 2948 ut

294 3016 323 3059 r.
352 2994 416 3058 223
444 2992 538 3059 661661
565 3013 624 3076 pro
652 2992 774 3075 simitu,
802 2991 866 3056 539
894 2990 1065 3074 fulguritae
1093 3013 1152 3076 pro
1178 2993 1287 3075 salpen
1314 2993 1374 3076 ito,
1401 3013 1442 3056 ne

298 3123 382 3166 6666
401 3101 495 3185 plura
513 3100 686 3166 cumulem:
706 3099 824 3185 quibus
843 3099 997 3183 exemplis
1016 3100 1168 3165 omnibus
1187 3103 1225 3164 ut
1243 3100 1316 3164 aliis
1331 3099 1442 3164 multis

296 3229 394 3272 unum
427 3208 584 3273 bonitatis
617 3211 802 3272 consortem
829 3204 933 3271 Vetus
966 3206 1022 3270 ille
1054 3207 1161 3291 ipsum
1189 3205 1441 3272 Ambrosianum

203 3334 281 3374 666
296 3313 402 3378 habet.
444 3312 532 3398 Ergo
558 3312 633 3377 illuc
657 3317 694 3378 ut
715 3311 854 3396 redeam,
878 3311 1056 3396 scripturae
1079 3313 1281 3395 praestantia
1303 3312 1441 3377 Ambro-

295 3420 377 3484 siani
411 3419 488 3484 libri
520 3424 557 3484 61
586 3441 652 3485 666
680 3421 723 3484 611
750 3419 825 3484 11166
854 3440 872 3482 6
900 3419 1142 3484 recensionis
1175 3420 1321 3484 bonitate
1354 3441 1442 3504 repe·

295 3525 400 3610 tenda,
423 3530 458 3590 at
482 3527 605 3591 aetati
630 3525 748 3591 codicis
772 3525 944 3590 tribuenda
968 3529 1027 3610 661,
1049 3548 1131 3611 qnae
1155 3528 1220 3592 vim
1243 3526 1362 3592 habere
1386 3527 1442 3591 bo·

294 3632 407 3696 nitatis
438 3633 592 3698 vicariam
623 3634 755 3698 assolet.
801 3633 908 3716 Atque
938 3632 1017 3698 haec
1048 3656 1124 3698 vera
1150 3655 1266 3698 caussa
1293 3639 1355 3716 est,
1385 3654 1443 3696 our

295 3738 476 3824 generatim
503 3738 658 3804 iudicanti
686 3761 752 3804 non
780 3739 886 3822 possit
912 3761 976 3804 non
1006 3740 1108 3805 multo
1137 3741 1242 3806 maior
1269 3739 1442 3805 6666116-

295 3845 439 3911 brosiani
471 3866 568 3930 quam
596 3844 822 3910 Palatinorum
855 3845 1032 3910 auctoritas
1061 3845 1169 3911 videri.
1220 3845 1305 3911 Hinc
1332 3850 1441 3912 autem

296 3975 423 4019 rursum
450 3952 513 4018 hoc
542 3953 762 4038 consequitur,
794 3957 831 4016 ut
854 3953 1048 4037 ubicumque
1079 3956 1194 4038 suapte
1223 3959 1342 4019 natura
1371 3953 1441 4039 pari

297 4061 443 4126 bonitate
466 4060 533 4124 sint
556 4059 776 4143 discrepantes
804 4059 889 4124 inter
917 4079 951 4122 se
979 4059 1158 4143 scripturae
1181 4081 1198 4124 e
1221 4060 1347 4126 duobos
1370 4060 1442 4126 fou-

296 4167 384 4231 tibus
407 4166 474 4231 illis
498 4166 627 4251 ductae,
654 4164 747 4231 nulla
773 4164 876 4251 igitur
902 4169 939 4229 61
967 4165 1001 4230 16
1025 4165 1181 4250 exemplis
1205 4166 1309 4232 adhuc
1332 4167 1442 4232 6116116

296 4273 457 4360 deligendi
487 4274 678 4358 necessitas,
710 4271 804 4338 nobis
841 4272 970 4355 quidem
1004 4272 1101 4338 hodie
1133 4273 1219 4338 haud
1251 4277 1442 4339 cunctanter

296 4382 477 4468 sequendus
492 4379 525 4444 A
542 4381 597 4464 sit,
619 4385 656 4445 ut
678 4380 712 4444 in
736 4400 800 4463 quo
820 4377 903 4443 ratio
928 4378 1183 4463 antiquitatis
1208 4380 1336 4445 evineat
1358 4401 1442 4463 pro·

295 4487 546 4552 habilitatem
574 4487 669 4551 fidei
694 4485 849 4550 maiorem
874 4505 952 4550 6666.
999 4484 1099 4550 Velut
1122 4509 1195 4551 cum
1218 4508 1277 4570 per
1300 4509 1335 4552 se
1359 4485 1441 4550 nihil
