3332 5074
528 445 787 494 nununsurorus
808 445 1014 494 acerruma.
1286 431 1350 494 421

206 609 284 652 num
308 587 419 653 luxata
442 588 588 654 membre
610 610 675 653 non
695 588 803 674 inepte
822 589 885 654 hoc
902 589 1051 671 exemplo
1070 589 1351 655 reconcinnentur:

296 729 409 815 Ne‘que
433 728 528 796 Salus
552 731 690 814 serudre,
713 731 742 795 si
764 732 844 815 uolt,
867 733 919 795 me'
941 735 1063 816 potest:
1087 753 1145 796 nec
1168 732 1295 816 cdpiast

296 835 363 918 [Me
391 837 614 922 expedimur]
645 833 711 902 nisi
742 837 770 901 si
801 839 956 902 astutiam
987 837 1129 923 aliquam
1159 837 1255 903 corde
1286 839 1351 904 md·

844 945 967 1010 chinor.

295 1050 409 1135 Quam,
427 1050 571 1116 malurn?
591 1051 667 1136 quid
687 1051 862 1136 machiner,
881 1052 957 1137 quid
971 1051 1206 1136 comminiscar,
1219 1051 1351 1118 hadrec.
1365 1079 1469 1120 ccxxx

297 1155 397 1238 [Nisi]
420 1177 525 1241 nugas
549 1157 767 1241 ineptias[que
790 1157 869 1238 iam]
893 1155 1048 1241 incipisso
1072 1159 1249 1224 mdxumas.

207 1301 281 1366 Nisi
299 1300 319 1363 i.
335 1321 360 1364 e.
381 1299 456 1364 ‘nisi
474 1299 560 1384 quod
579 1303 702 1364 certum
722 1303 773 1364 est
790 1295 946 1365 maximas
965 1322 1016 1366 me
1033 1323 1139 1389 nugas
1158 1305 1191 1366 et
1209 1301 1350 1386 ineptias

205 1404 418 1491 incipissere'‚
450 1428 516 1490 non
548 1406 680 1472 insolito
713 1408 780 1471 eius
813 1407 990 1490 particulae
1022 1429 1091 1473 usu.
1143 1407 1266 1484 Quodsi
1298 1409 1349 1472 cui

205 1515 323 1596 copiast
350 1534 457 1578 carere
480 1535 577 1596 posse
605 1513 756 1598 genetivo
786 1511 960 1592 videbitur,
988 1514 1123 1578 alterum
1152 1535 1280 1578 versum
1304 1515 1350 1579 sic

205 1619 375 1683 restituere
392 1618 527 1704 poterit:
552 1620 626 1684 Nisi
647 1621 677 1684 si
698 1618 764 1683 idm
788 1621 852 1702 [epo
875 1621 1023 1700 netellam]
1049 1621 1197 1686 detritione
1220 1643 1249 1686 a.
1267 1642 1291 1686 c.
1309 1643 1348 1686 m.

205 1724 381 1810 Postquam
404 1725 505 1810 igitur
528 1725 590 1790 hoc
614 1748 741 1812 quoque
765 1727 947 1810 exemplum
970 1731 1130 1792 remotum
1160 1731 1223 1812 est,
1250 1749 1349 1792 uuum

207 1830 285 1916 (nisi
307 1831 391 1915 quod
414 1854 465 1896 me
489 1829 588 1916 fugit)
616 1836 764 1916 superest
788 1855 805 1896 e
828 1832 977 1898 Rudente
1005 1835 1114 1898 afferri
1138 1834 1269 1899 solitum
1292 1831 1349 1912 IV,

207 1941 236 2022 7,
260 1939 316 2004 22:

294 2081 375 2167 Ego,
398 2079 461 2146 nisi
485 2103 582 2166 quom
606 2081 678 2159 lusi,
701 2079 748 2145 m'l
772 2103 881 2147 moror
903 2083 1006 2148 ulldm
1029 2083 1166 2148 lucrum:

202 2245 278 2289 nam
308 2225 373 2288 reici
404 2245 463 2307 pro
494 2223 571 2286 acilii
600 2222 806 2288 scribendum
837 2247 907 2288 essa
936 2224 1074 2289 Bothius
1107 2224 1195 2289 vidit.
1245 2223 1348 2300 Quem

203 2353 330 2396 versum
354 2334 388 2395 et
409 2329 538 2395 Reizius
568 2329 650 2392 male
673 2330 840 2408 tractavit,
863 2351 922 2394 nee
945 2329 1061 2394 melius
1085 2333 1282 2394 tractaturus
1305 2332 1349 2396 eit

202 2439 257 2522 qui
279 2437 331 2503 vel
354 2439 402 2503 nil
424 2437 524 2502 allum
542 2457 646 2500 enoror
664 2436 783 2500 lacrum
802 2435 853 2501 vel
871 2417 1089 2501 arclluaamila'
1107 2457 1210 2502 mmor
1228 2438 1349 2503 letarum

202 2549 371 2629 proponat.
416 2542 492 2609 Non
522 2542 586 2607 levi
616 2545 730 2608 autem
753 2541 834 2606 mihi
863 2543 1034 2607 offensioni
1063 2565 1131 2608 esse
1155 2543 1262 2626 ipsum
1286 2545 1347 2610 lusi

202 2650 381 2733 perfectum
399 2651 519 2715 fateor:
544 2670 603 2734 pro
627 2670 691 2733 quo
715 2649 786 2713 ludo
810 2649 919 2732 potius
943 2649 993 2713 vel
1018 2649 1124 2714 ludam
1148 2649 1198 2714 vel
1221 2651 1347 2716 luserim

201 2760 412 2841 exspectetur.
460 2755 663 2839 Quapropter
690 2755 856 2838 personari
885 2754 977 2818 illum
1001 2755 1197 2820 versiculum
1226 2756 1272 2820 sic
1295 2757 1347 2821 de·

201 2887 290 2929 mum
313 2864 467 2930 arbitror:

292 3004 460 3093 Ego‚n1'si
484 3028 582 3089 quom
606 3002 780 3088 lueim‚'n1'l
804 3025 904 3068 aeorcr
927 3005 1028 3069 ulldm
1052 3004 1186 3070 lucrum.

202 3149 288 3214 Nam
319 3148 347 3213 si
377 3170 499 3231 veram,
527 3169 583 3212 cur
612 3148 787 3231 producere
819 3147 926 3228 loqrrcr
953 3146 1094 3230 licuerit,
1126 3168 1193 3212 non
1220 3148 1347 3214 licuerit

201 3255 318 3339 loquer,
346 3277 495 3322 caussam
524 3275 624 3338 supra
646 3252 855 3337 investigavi,
883 3253 979 3317 huius
1008 3252 1137 3337 quidem
1161 3253 1226 3318 vim
1249 3254 1345 3320 facile

201 3361 402 3447 intellegitur
425 3361 524 3426 etiam
548 3361 588 3425 ad
612 3372 698 3425 amr
721 3365 755 3425 et
776 3372 915 3442 sequerer
936 3361 1108 3443 pertinere,
1131 3362 1205 3444 quia
1229 3361 1270 3425 ab
1294 3362 1345 3426 his

203 3469 317 3532 ameris
352 3471 385 3530 et
416 3468 581 3548 sequereris
617 3471 651 3532 et
683 3465 833 3530 similiter
865 3468 971 3530 cetere
1003 3465 1093 3530 fiunt
1142 3465 1345 3551 Quamquam

158 3569 162 3578 '
200 3575 346 3659 exempla
370 3573 449 3638 mihi
472 3595 559 3638 nunc
580 3573 677 3638 unius
706 3594 744 3637 ar
771 3571 916 3655 syllabae
945 3572 978 3636 iu
1006 3575 1160 3656 promptu
1188 3578 1279 3657 sunt,
1307 3574 1345 3638 de

201 3681 291 3745 cuius
314 3679 526 3764 productione
550 3679 763 3756 verissimum,
787 3677 912 3741 utiam
933 3683 1077 3762 apparet,
1100 3701 1229 3744 sensum
1249 3703 1344 3745 suum

199 3788 294 3854 nobis
318 3787 525 3852 Hermannus
550 3787 627 3852 olim
651 3784 857 3870 significavit,
880 3789 1150 3850 commemoratus
1174 3809 1193 3850 a
1217 3809 1267 3851 me
1287 3787 1345 3852 Pa·

199 3915 316 3979 rergon
339 3918 369 3979 p.
392 3893 467 3959 493.
491 3891 592 3959 Cuius
615 3893 655 3957 dc
677 3891 773 3956 Most.
796 3889 859 3972 Ill,
885 3893 916 3973 1,
939 3892 982 3956 93
1005 3891 1173 3974 iudicium,
1202 3913 1265 3976 quo
1288 3892 1343 3956 ille

199 3999 283 4066 hanc
306 4000 502 4086 scripturam
526 3998 784 4065 commendabat:

288 4123 447 4189 Perfacile
470 4144 530 4209 ego
554 4125 637 4188 ictus
657 4123 813 4205 perpetiar
837 4124 1056 4208 argenteos*)‚

197 4288 283 4331 nunc
306 4266 439 4351 reliquis
462 4287 544 4349 quae
568 4265 656 4332 infra
677 4265 771 4350 posui
796 4265 951 4350 exemplis
976 4265 1198 4330 confirmatum
1225 4267 1341 4350 accipe.

197 4371 244 4436 Et
266 4371 514 4456 Amphitruonis
537 4371 665 4456 quidem
689 4370 770 4455 prol.
794 4393 821 4436 v.
842 4372 885 4436 38
1357 4405 1476 4446 cmm

289 4548 316 4614 ¹⁸)
335 4546 379 4616 [ln
393 4545 515 4602 editione
530 4545 700 4601 Ritscheliue
720 4546 860 4614 perpetior
878 4545 1013 4614 reposuit:
1033 4545 1067 4600 cl.
1084 4563 1109 4616 pv
1125 4552 1176 4600 417
1190 4548 1340 4620 annot.**.]
