3332 5074
557 425 823 473 unuunarrours
847 425 1054 472 ruavrrusu.
1312 409 1378 473 475

229 569 334 634 nasim
373 567 558 653 persecutus
597 591 683 650 sum,
720 591 866 634 seorsum
900 561 1040 651 proximi
1072 573 1146 652 post
1180 569 1377 652 principium

231 674 322 758 pedis
346 676 561 760 oxytonaaim.
594 675 715 752 Quodsi
739 675 906 760 utriusque
930 674 1033 758 partis
1058 674 1224 740 licentiam
1248 697 1375 740 omnam

230 782 329 846 etiam
359 782 392 846 in
423 803 487 848 uno
520 782 695 867 eodemque
725 805 819 847 rarsu
851 782 1056 846 coniunctam
1084 803 1155 846 asse
1183 783 1377 865 complexio·

231 909 371 972 numque
400 887 462 952 bac
486 888 538 953 via
565 887 767 953 nascentium
790 909 892 974 propa
915 887 1039 952 nullam
1063 909 1134 952 asae
1157 887 1375 971 improbatam

230 993 351 1078 dixero,
373 994 490 1059 miram
513 997 703 1060 accentuum
727 993 928 1080 varietatem,
952 995 1093 1079 quaein
1117 994 1257 1080 quinque
1281 996 1376 1079 sylla-

229 1100 280 1165 bis
313 1100 429 1184 primis
457 1101 713 1185 septenariornm
741 1105 872 1185 regnat,
907 1123 944 1166 ex
972 1123 1036 1166 uno
1066 1099 1155 1166 fonte
1179 1094 1376 1168 derirarero.

229 1205 314 1272 Nam
339 1207 424 1292 quod
449 1205 529 1271 alibi
552 1229 616 1273 non
640 1207 793 1274 mediocri
814 1229 892 1272 cura
911 1229 981 1272 esse
1000 1208 1138 1273 vitatum
1158 1207 1297 1273 vidimus
1317 1231 1376 1274 nec

228 1313 292 1377 nisi
315 1314 412 1379 certis
436 1313 681 1381 condicionibus
704 1313 891 1398 admissum,
915 1318 952 1378 ut
974 1313 1052 1380 bina
1071 1337 1105 1380 se
1126 1315 1285 1380 vocabula
1303 1339 1376 1400 oxy·

228 1422 306 1486 tona
329 1421 522 1505 exciperent,
545 1421 578 1486 id
602 1421 669 1486 illio
687 1425 739 1485 tot
756 1420 824 1486 fere
843 1420 947 1484 modis
966 1421 1088 1487 factum
1108 1425 1167 1503 ast,
1191 1426 1271 1505 quot
1289 1421 1375 1487 modi
1407 1501 1411 1512 ¹

229 1529 305 1590 sunt
329 1527 581 1611 copulandarum
609 1528 694 1592 inter
717 1549 751 1594 aa
774 1528 950 1592 latinarum
974 1548 1227 1612 graecorumque
1250 1529 1375 1595 littera·

231 1655 303 1698 rum
326 1634 465 1718 illarum,
488 1635 605 1720 quibus
624 1636 791 1720 utriusque
810 1635 914 1719 partis
934 1633 1082 1720 singulos
1100 1635 1225 1700 formas
1243 1634 1375 1720 podicas

229 1740 438 1824 signavimus.
470 1741 544 1807 Nisi
564 1743 648 1828 quod
668 1743 784 1808 ceteris
807 1741 947 1806 rariores
972 1763 1028 1807 aaa
1051 1741 1176 1806 formae
1199 1746 1276 1808 sunt
1294 1764 1375 1826 quae

228 1847 296 1912 sive
319 1848 427 1930 priore
453 1849 520 1914 sire
544 1851 723 1933 posteriorc
755 1849 826 1914 loco
850 1846 1060 1932 spondiacum
1083 1847 1207 1913 habent
1230 1847 1278 1934 (Β
1302 1853 1335 1914 et
1357 1849 1376 1913 b

222 1939 299 2018 'cum
323 1954 403 2020 Get
425 1976 449 2038 c,
472 1958 568 2039 atque
593 1953 635 2042 β),
658 1953 939 2039 frequentissimae
963 1976 1046 2037 quae
1070 1955 1244 2020 iambicum
1269 1951 1315 2040 (A
1338 1959 1371 2020 et

226 2082 248 2124 o
271 2065 368 2145 atquc
391 2060 436 2148 α).
467 2062 520 2127 Ab
540 2083 561 2126 α
579 2066 616 2127 ut
634 2061 796 2145 incipiam,
819 2061 878 2126 Aa
897 2061 997 2125 habes
1011 2060 1128 2126 Bacch.
1142 2059 1225 2126 1109
1242 2063 1373 2142 [114812

316 2185 444 2270 ririctds
467 2206 575 2269 truce‘s
598 2225 657 2268 nos
681 2200 801 2268 erimus
868 2253 1276 2268 .......

169 2297 1154 2430 'mnamawamconmuma

315 2472 342 2552 Ο
366 2491 468 2572 pater,
491 2491 585 2571 pater
608 2487 666 2572 mi,
690 2487 780 2552 salue
801 2537 1275 2553 ........

319 2593 449 2672 Quibus
472 2599 563 2661 turim
588 2597 713 2680 patrem
737 2616 851 2679 meque
875 2617 939 2659 una
1004 2647 1277 2660 .....

316 2701 412 2768 Nihil
436 2704 552 2787 aquam
577 2703 694 2768 mor6r.
740 2699 828 2767 Gur?
851 2701 938 2766 Malo
1004 2753 1276 2766 .....
1403 2779 1410 2790 Δ

227 2844 288 2909 Βα
311 2845 397 2910 Trin.
424 2845 521 2910 1082:
1315 2814 1322 2826 ι
1374 2865 1486 2906 ocxurv

316 2969 457 3073 dugenti
477 2985 574 3052 minis
596 2988 775 3052 numeratis
802 3037 1276 3051 ........

227 3130 271 3193 bo
295 3129 382 3194 Tria.
409 3131 507 3195 1169:

317 3233 402 3312 Quid
424 3237 558 3321 quassis
582 3237 701 3322 capuit?
737 3234 909 3300 Cruciatur
934 3287 1273 3300 ......

228 3377 573 3462 amnon

316 3501 367 3583 td
391 3522 516 3586 amora's
540 3521 629 3586 mods
653 3525 686 3588 et
709 3523 796 3586 sensi
866 3572 1275 3587 .......
1354 3605 1358 3616 ,

227 3661 288 3726 Dc
311 3660 399 3726 Triu.
426 3661 521 3725 1134:

318 3801 456 3886 Ly‘sitcli
476 3804 605 3889 quiddm
630 3805 792 3872 Philtonis
801 3857 1275 3871 ........

228 3949 275 4011 do
298 3945 386 4011 Tria.
410 3946 483 4011 363.
507 3947 581 4012 903.
608 3949 705 4013 1124:

317 4069 403 4136 Nsim
427 4070 559 4154 sapiens
583 4070 712 4154 quidem
736 4073 792 4156 pol
815 4073 887 4157 ipsa
935 4123 1274 4138 ......

307 4159 388 4252 'Qus
410 4176 525 4241 faciest
547 4175 668 4240 homo?
711 4177 908 4263 Sesquipede
935 4228 1274 4242 ......

317 4282 388 4348 Hae
411 4283 520 4348 sonitui
544 4283 602 4346 sud
626 4285 748 4348 mortim
772 4285 852 4349 mihi
868 4335 1273 4348 .......

229 4447 292 4509 quo
315 4447 408 4490 versu
432 4425 493 4490 etsi
517 4425 615 4491 tertia
641 4448 703 4492 vox
727 4431 871 4510 oxytona
894 4427 1053 4511 sequitur,
1084 4429 1194 4491 tamen
1217 4427 1370 4510 quoniam

228 4537 400 4617 utrumque
423 4553 481 4613 pro
505 4553 539 4596 sa
562 4537 648 4598 recte
672 4556 706 4599 se
729 4533 860 4615 habuit,
887 4536 920 4596 et
942 4533 1019 4597 Hoa'
1037 4533 1140 4599 sonitu'
1163 4537 1196 4597 ct
1218 4531 1285 4599 Sao
1306 4555 1370 4598 mo-
