<?xml version="1.0" encoding="UTF-8"?>
<!DOCTYPE html PUBLIC "-//W3C//DTD XHTML 1.0 Transitional//EN"
    "http://www.w3.org/TR/xhtml1/DTD/xhtml1-transitional.dtd">
<html xmlns="http://www.w3.org/1999/xhtml" xml:lang="en" lang="en">
 <head>
  <title>
</title>
<meta http-equiv="Content-Type" content="text/html;charset=utf-8" />
  <meta name='ocr-system' content='tesseract 3.04.00' />
  <meta name='ocr-capabilities' content='ocr_page ocr_carea ocr_par ocr_line ocrx_word'/>
</head>
<body>
  <div class='ocr_page' id='page_1' title='image "./fridericiritsch07wachgoog_0716.png"; bbox 0 0 3306 5070; ppageno 0'>
   <div class='ocr_carea' id='block_1_1' title="bbox 452 445 1339 511">
    <p class='ocr_par' dir='ltr' id='par_1_1' title="bbox 452 445 1339 511">
     <span class='ocr_line' id='line_1_1' title="bbox 452 445 1339 511; baseline 0.001 -2"><span class='ocrx_word' id='word_1_1' title='bbox 452 461 747 511; x_wconf 77' lang='lat' dir='ltr'>eaircnarrovns</span> <span class='ocrx_word' id='word_1_2' title='bbox 771 462 844 510; x_wconf 82' lang='lat' dir='ltr'>urvo</span> <span class='ocrx_word' id='word_1_3' title='bbox 867 449 1077 510; x_wconf 67' lang='lat' dir='ltr'>laumense.</span> <span class='ocrx_word' id='word_1_4' title='bbox 1274 445 1339 510; x_wconf 84' lang='lat'>699</span> 
     </span>
    </p>
   </div>
   <div class='ocr_carea' id='block_1_2' title="bbox 118 604 1345 2185">
    <p class='ocr_par' dir='ltr' id='par_1_2' title="bbox 194 604 1343 1651">
     <span class='ocr_line' id='line_1_2' title="bbox 196 604 1341 690; baseline 0 -21"><span class='ocrx_word' id='word_1_5' title='bbox 196 605 288 689; x_wconf 90' lang='lat' dir='ltr'>sime,</span> <span class='ocrx_word' id='word_1_6' title='bbox 306 608 340 668; x_wconf 89' lang='lat' dir='ltr'>et</span> <span class='ocrx_word' id='word_1_7' title='bbox 358 604 540 689; x_wconf 81' lang='lat' dir='ltr'>plenissimi</span> <span class='ocrx_word' id='word_1_8' title='bbox 559 608 592 669; x_wconf 91' lang='lat' dir='ltr'>et</span> <span class='ocrx_word' id='word_1_9' title='bbox 610 605 814 670; x_wconf 82' lang='lat' dir='ltr'>saluberrimi</span> <span class='ocrx_word' id='word_1_10' title='bbox 833 605 1063 690; x_wconf 75' lang='lat' dir='ltr'>redundarunt,</span> <span class='ocrx_word' id='word_1_11' title='bbox 1081 605 1123 690; x_wconf 90' lang='lat' dir='ltr'>id,</span> <span class='ocrx_word' id='word_1_12' title='bbox 1147 607 1208 671; x_wconf 89' lang='lat' dir='ltr'>etsi</span> <span class='ocrx_word' id='word_1_13' title='bbox 1227 609 1341 671; x_wconf 85' lang='lat' dir='ltr'>nostra</span> 
     </span>
     <span class='ocr_line' id='line_1_3' title="bbox 196 705 1341 798; baseline -0.002 -20"><span class='ocrx_word' id='word_1_14' title='bbox 196 711 273 778; x_wconf 84' lang='lat' dir='ltr'>Tibi</span> <span class='ocrx_word' id='word_1_15' title='bbox 296 711 449 777; x_wconf 84' lang='lat' dir='ltr'>voluntas</span> <span class='ocrx_word' id='word_1_16' title='bbox 472 733 648 796; x_wconf 80' lang='lat' dir='ltr'><strong>numquam</strong></span> <span class='ocrx_word' id='word_1_17' title='bbox 677 705 792 795; x_wconf 87' lang='lat' dir='ltr'>defuit,</span> <span class='ocrx_word' id='word_1_18' title='bbox 821 715 929 777; x_wconf 84' lang='lat' dir='ltr'>tamen</span> <span class='ocrx_word' id='word_1_19' title='bbox 958 712 1054 798; x_wconf 79' lang='lat' dir='ltr'>longe</span> <span class='ocrx_word' id='word_1_20' title='bbox 1084 712 1278 798; x_wconf 79' lang='lat' dir='ltr'>gravissima</span> <span class='ocrx_word' id='word_1_21' title='bbox 1301 734 1341 776; x_wconf 88' lang='lat' dir='ltr'>ex</span> 
     </span>
     <span class='ocr_line' id='line_1_4' title="bbox 196 818 1339 905; baseline -0.001 -21"><span class='ocrx_word' id='word_1_22' title='bbox 196 824 290 905; x_wconf 91' lang='lat' dir='ltr'>parte</span> <span class='ocrx_word' id='word_1_23' title='bbox 312 818 383 884; x_wconf 84' lang='lat' dir='ltr'>Tua</span> <span class='ocrx_word' id='word_1_24' title='bbox 406 819 510 904; x_wconf 91' lang='lat' dir='ltr'>ipsius</span> <span class='ocrx_word' id='word_1_25' title='bbox 533 819 653 884; x_wconf 88' lang='lat' dir='ltr'>virtute</span> <span class='ocrx_word' id='word_1_26' title='bbox 676 819 825 884; x_wconf 86' lang='lat' dir='ltr'>effectum</span> <span class='ocrx_word' id='word_1_27' title='bbox 848 841 918 884; x_wconf 89' lang='lat' dir='ltr'>esse</span> <span class='ocrx_word' id='word_1_28' title='bbox 941 819 1037 885; x_wconf 88' lang='lat' dir='ltr'>scito:</span> <span class='ocrx_word' id='word_1_29' title='bbox 1066 841 1131 904; x_wconf 88' lang='lat' dir='ltr'>qua</span> <span class='ocrx_word' id='word_1_30' title='bbox 1153 819 1188 884; x_wconf 91' lang='lat' dir='ltr'>in</span> <span class='ocrx_word' id='word_1_31' title='bbox 1210 819 1339 884; x_wconf 85' lang='lat' dir='ltr'>litteras</span> 
     </span>
     <span class='ocr_line' id='line_1_5' title="bbox 195 924 1340 1012; baseline 0 -22"><span class='ocrx_word' id='word_1_32' title='bbox 195 926 324 1012; x_wconf 86' lang='lat' dir='ltr'>quidem</span> <span class='ocrx_word' id='word_1_33' title='bbox 353 925 401 990; x_wconf 91' lang='lat' dir='ltr'>ita</span> <span class='ocrx_word' id='word_1_34' title='bbox 432 925 623 1010; x_wconf 71' lang='lat' dir='ltr'>incubuisti,</span> <span class='ocrx_word' id='word_1_35' title='bbox 653 929 690 990; x_wconf 88' lang='lat' dir='ltr'>ut</span> <span class='ocrx_word' id='word_1_36' title='bbox 717 927 751 990; x_wconf 91' lang='lat' dir='ltr'>in</span> <span class='ocrx_word' id='word_1_37' title='bbox 781 924 843 990; x_wconf 88' lang='lat' dir='ltr'>hoe</span> <span class='ocrx_word' id='word_1_38' title='bbox 874 943 1000 1010; x_wconf 89' lang='lat' dir='ltr'>quoque</span> <span class='ocrx_word' id='word_1_39' title='bbox 1034 946 1151 1011; x_wconf 81' lang='lat' dir='ltr'>genere</span> <span class='ocrx_word' id='word_1_40' title='bbox 1181 928 1340 990; x_wconf 88' lang='lat' dir='ltr'>maiorum</span> 
     </span>
     <span class='ocr_line' id='line_1_6' title="bbox 197 1031 1341 1118; baseline 0.002 -22"><span class='ocrx_word' id='word_1_41' title='bbox 197 1031 337 1118; x_wconf 84' lang='lat' dir='ltr'>gloriam</span> <span class='ocrx_word' id='word_1_42' title='bbox 351 1033 548 1098; x_wconf 87' lang='lat' dir='ltr'>aemularere</span> <span class='ocrx_word' id='word_1_43' title='bbox 570 1032 754 1098; x_wconf 88' lang='lat' dir='ltr'>constantia</span> <span class='ocrx_word' id='word_1_44' title='bbox 771 1031 989 1116; x_wconf 87' lang='lat' dir='ltr'>temperantia</span> <span class='ocrx_word' id='word_1_45' title='bbox 1006 1031 1250 1116; x_wconf 82' lang='lat' dir='ltr'>perseverantia</span> <span class='ocrx_word' id='word_1_46' title='bbox 1268 1055 1341 1116; x_wconf 90' lang='lat' dir='ltr'>par·</span> 
     </span>
     <span class='ocr_line' id='line_1_7' title="bbox 195 1137 1339 1223; baseline -0.002 -17"><span class='ocrx_word' id='word_1_47' title='bbox 195 1143 272 1223; x_wconf 90' lang='lat' dir='ltr'>tarn,</span> <span class='ocrx_word' id='word_1_48' title='bbox 296 1139 372 1205; x_wconf 88' lang='lat' dir='ltr'>huic</span> <span class='ocrx_word' id='word_1_49' title='bbox 394 1141 503 1204; x_wconf 89' lang='lat' dir='ltr'>autem</span> <span class='ocrx_word' id='word_1_50' title='bbox 528 1143 678 1204; x_wconf 86' lang='lat' dir='ltr'>strenuae</span> <span class='ocrx_word' id='word_1_51' title='bbox 701 1137 903 1204; x_wconf 86' lang='lat' dir='ltr'>contentioni</span> <span class='ocrx_word' id='word_1_52' title='bbox 928 1138 1030 1203; x_wconf 88' lang='lat' dir='ltr'>animi</span> <span class='ocrx_word' id='word_1_53' title='bbox 1048 1138 1231 1222; x_wconf 87' lang='lat' dir='ltr'>candorem,</span> <span class='ocrx_word' id='word_1_54' title='bbox 1254 1139 1339 1204; x_wconf 87' lang='lat' dir='ltr'>vitae</span> 
     </span>
     <span class='ocr_line' id='line_1_8' title="bbox 195 1246 1341 1331; baseline 0.001 -21"><span class='ocrx_word' id='word_1_55' title='bbox 195 1246 414 1312; x_wconf 87' lang='lat' dir='ltr'>innocentiam</span> <span class='ocrx_word' id='word_1_56' title='bbox 437 1265 627 1331; x_wconf 91' lang='lat' dir='ltr'>morumque</span> <span class='ocrx_word' id='word_1_57' title='bbox 650 1247 846 1310; x_wconf 90' lang='lat' dir='ltr'>suavitatem</span> <span class='ocrx_word' id='word_1_58' title='bbox 873 1249 1001 1311; x_wconf 87' lang='lat' dir='ltr'>tantam</span> <span class='ocrx_word' id='word_1_59' title='bbox 1029 1246 1177 1330; x_wconf 83' lang='lat' dir='ltr'>sociasti,</span> <span class='ocrx_word' id='word_1_60' title='bbox 1205 1250 1242 1310; x_wconf 92' lang='lat' dir='ltr'>ut</span> <span class='ocrx_word' id='word_1_61' title='bbox 1269 1247 1341 1331; x_wconf 91' lang='lat' dir='ltr'>pari</span> 
     </span>
     <span class='ocr_line' id='line_1_9' title="bbox 195 1350 1341 1438; baseline -0.002 -20"><span class='ocrx_word' id='word_1_62' title='bbox 195 1373 268 1418; x_wconf 92' lang='lat' dir='ltr'>cum</span> <span class='ocrx_word' id='word_1_63' title='bbox 291 1351 556 1438; x_wconf 73' lang='lat' dir='ltr'>praeceptoribus</span> <span class='ocrx_word' id='word_1_64' title='bbox 578 1355 648 1416; x_wconf 88' lang='lat' dir='ltr'>tum</span> <span class='ocrx_word' id='word_1_65' title='bbox 673 1351 950 1418; x_wconf 89' lang='lat' dir='ltr'>commilitonibus</span> <span class='ocrx_word' id='word_1_66' title='bbox 972 1350 1137 1436; x_wconf 88' lang='lat' dir='ltr'>voluptati</span> <span class='ocrx_word' id='word_1_67' title='bbox 1160 1355 1258 1437; x_wconf 86' lang='lat' dir='ltr'>atque</span> <span class='ocrx_word' id='word_1_68' title='bbox 1277 1352 1341 1416; x_wconf 91' lang='lat' dir='ltr'>toti</span> 
     </span>
     <span class='ocr_line' id='line_1_10' title="bbox 194 1458 1342 1544; baseline 0 -20"><span class='ocrx_word' id='word_1_69' title='bbox 194 1459 400 1526; x_wconf 71' lang='lat' dir='ltr'>universitati</span> <span class='ocrx_word' id='word_1_70' title='bbox 423 1463 616 1524; x_wconf 87' lang='lat' dir='ltr'>ornamento</span> <span class='ocrx_word' id='word_1_71' title='bbox 639 1480 735 1524; x_wconf 86' lang='lat' dir='ltr'>esses.</span> <span class='ocrx_word' id='word_1_72' title='bbox 773 1458 885 1544; x_wconf 80' lang='lat' dir='ltr'>anue</span> <span class='ocrx_word' id='word_1_73' title='bbox 908 1458 1027 1524; x_wconf 87' lang='lat' dir='ltr'>indolis</span> <span class='ocrx_word' id='word_1_74' title='bbox 1051 1461 1251 1543; x_wconf 83' lang='lat' dir='ltr'>praestantia</span> <span class='ocrx_word' id='word_1_75' title='bbox 1269 1481 1342 1526; x_wconf 90' lang='lat' dir='ltr'>cum</span> 
     </span>
     <span class='ocr_line' id='line_1_11' title="bbox 195 1565 1343 1651; baseline 0.001 -20"><span class='ocrx_word' id='word_1_76' title='bbox 195 1567 281 1632; x_wconf 91' lang='lat' dir='ltr'>ultra</span> <span class='ocrx_word' id='word_1_77' title='bbox 311 1565 533 1632; x_wconf 87' lang='lat' dir='ltr'>universitatis</span> <span class='ocrx_word' id='word_1_78' title='bbox 566 1565 647 1630; x_wconf 88' lang='lat' dir='ltr'>fines</span> <span class='ocrx_word' id='word_1_79' title='bbox 680 1587 921 1651; x_wconf 85' lang='lat' dir='ltr'>quoquoversus</span> <span class='ocrx_word' id='word_1_80' title='bbox 949 1569 1065 1651; x_wconf 89' lang='lat' dir='ltr'>patens</span> <span class='ocrx_word' id='word_1_81' title='bbox 1095 1566 1245 1649; x_wconf 88' lang='lat' dir='ltr'>eniteret,</span> <span class='ocrx_word' id='word_1_82' title='bbox 1276 1588 1343 1632; x_wconf 90' lang='lat' dir='ltr'>non</span> 
     </span>
    </p>

    <p class='ocr_par' dir='ltr' id='par_1_3' title="bbox 118 1669 1345 2185">
     <span class='ocr_line' id='line_1_12' title="bbox 195 1669 1343 1758; baseline -0.003 -19"><span class='ocrx_word' id='word_1_83' title='bbox 195 1674 333 1758; x_wconf 86' lang='lat' dir='ltr'>potuisti</span> <span class='ocrx_word' id='word_1_84' title='bbox 362 1695 428 1739; x_wconf 91' lang='lat' dir='ltr'>non</span> <span class='ocrx_word' id='word_1_85' title='bbox 456 1673 601 1739; x_wconf 88' lang='lat' dir='ltr'>omniurn</span> <span class='ocrx_word' id='word_1_86' title='bbox 624 1671 699 1736; x_wconf 76' lang='lat' dir='ltr'>Tibi</span> <span class='ocrx_word' id='word_1_87' title='bbox 722 1672 952 1738; x_wconf 83' lang='lat' dir='ltr'>Rhenanorum</span> <span class='ocrx_word' id='word_1_88' title='bbox 982 1671 1109 1736; x_wconf 88' lang='lat' dir='ltr'>animos</span> <span class='ocrx_word' id='word_1_89' title='bbox 1133 1669 1213 1736; x_wconf 91' lang='lat' dir='ltr'>adeo</span> <span class='ocrx_word' id='word_1_90' title='bbox 1237 1672 1343 1736; x_wconf 84' lang='lat' dir='ltr'>devin-</span> 
     </span>
     <span class='ocr_line' id='line_1_13' title="bbox 118 1758 1345 1865; baseline -0.002 -19"><span class='ocrx_word' id='word_1_91' title='bbox 118 1758 129 1773; x_wconf 58' lang='grc'><strong>”</strong></span> <span class='ocrx_word' id='word_1_92' title='bbox 195 1781 274 1865; x_wconf 90' lang='lat' dir='ltr'>cire,</span> <span class='ocrx_word' id='word_1_93' title='bbox 311 1784 348 1845; x_wconf 91' lang='lat' dir='ltr'>ut</span> <span class='ocrx_word' id='word_1_94' title='bbox 380 1779 435 1844; x_wconf 91' lang='lat' dir='ltr'>diu</span> <span class='ocrx_word' id='word_1_95' title='bbox 468 1779 620 1844; x_wconf 90' lang='lat' dir='ltr'>obtinens</span> <span class='ocrx_word' id='word_1_96' title='bbox 652 1779 738 1843; x_wconf 86' lang='lat' dir='ltr'>inter</span> <span class='ocrx_word' id='word_1_97' title='bbox 771 1779 1045 1864; x_wconf 78' lang='lat' dir='ltr'>Angustissimum</span> <span class='ocrx_word' id='word_1_98' title='bbox 1078 1778 1210 1843; x_wconf 92' lang='lat' dir='ltr'>domurn</span> <span class='ocrx_word' id='word_1_99' title='bbox 1242 1779 1345 1844; x_wconf 87' lang='lat' dir='ltr'>Tuam</span> 
     </span>
     <span class='ocr_line' id='line_1_14' title="bbox 195 1883 1343 1972; baseline -0.003 -20"><span class='ocrx_word' id='word_1_100' title='bbox 195 1892 378 1972; x_wconf 88' lang='lat' dir='ltr'>terramque</span> <span class='ocrx_word' id='word_1_101' title='bbox 408 1885 602 1951; x_wconf 85' lang='lat' dir='ltr'>Rhenanam</span> <span class='ocrx_word' id='word_1_102' title='bbox 637 1883 885 1950; x_wconf 86' lang='lat' dir='ltr'>necessitudinis</span> <span class='ocrx_word' id='word_1_103' title='bbox 914 1885 1075 1950; x_wconf 90' lang='lat' dir='ltr'>vinculum</span> <span class='ocrx_word' id='word_1_104' title='bbox 1108 1885 1207 1948; x_wconf 91' lang='lat' dir='ltr'>etiarn</span> <span class='ocrx_word' id='word_1_105' title='bbox 1241 1885 1343 1949; x_wconf 85' lang='lat' dir='ltr'>artius</span> 
     </span>
     <span class='ocr_line' id='line_1_15' title="bbox 194 1989 1342 2079; baseline -0.004 -19"><span class='ocrx_word' id='word_1_106' title='bbox 194 1994 375 2079; x_wconf 81' lang='lat' dir='ltr'>constringi</span> <span class='ocrx_word' id='word_1_107' title='bbox 399 1993 574 2076; x_wconf 89' lang='lat' dir='ltr'>videretur,</span> <span class='ocrx_word' id='word_1_108' title='bbox 603 1991 849 2075; x_wconf 86' lang='lat' dir='ltr'>laetissimaque</span> <span class='ocrx_word' id='word_1_109' title='bbox 873 1989 945 2055; x_wconf 84' lang='lat' dir='ltr'>Tua</span> <span class='ocrx_word' id='word_1_110' title='bbox 967 1991 1052 2055; x_wconf 89' lang='lat' dir='ltr'>inter</span> <span class='ocrx_word' id='word_1_111' title='bbox 1074 2011 1133 2055; x_wconf 85' lang='lat' dir='ltr'>nos</span> <span class='ocrx_word' id='word_1_112' title='bbox 1157 1991 1342 2074; x_wconf 89' lang='lat' dir='ltr'>praesentia</span> 
     </span>
     <span class='ocr_line' id='line_1_16' title="bbox 195 2096 1340 2185; baseline -0.003 -20"><span class='ocrx_word' id='word_1_113' title='bbox 195 2122 254 2184; x_wconf 90' lang='lat' dir='ltr'>pro</span> <span class='ocrx_word' id='word_1_114' title='bbox 277 2121 362 2165; x_wconf 90' lang='lat' dir='ltr'>novo</span> <span class='ocrx_word' id='word_1_115' title='bbox 386 2101 523 2185; x_wconf 78' lang='lat' dir='ltr'>pignore</span> <span class='ocrx_word' id='word_1_116' title='bbox 546 2101 678 2164; x_wconf 88' lang='lat' dir='ltr'>mutuae</span> <span class='ocrx_word' id='word_1_117' title='bbox 702 2097 850 2162; x_wconf 86' lang='lat' dir='ltr'>caritatis</span> <span class='ocrx_word' id='word_1_118' title='bbox 869 2097 1043 2162; x_wconf 89' lang='lat' dir='ltr'>haberetur</span> <span class='ocrx_word' id='word_1_119' title='bbox 1067 2100 1100 2160; x_wconf 89' lang='lat' dir='ltr'>et</span> <span class='ocrx_word' id='word_1_120' title='bbox 1123 2096 1340 2162; x_wconf 87' lang='lat' dir='ltr'>consortionis</span> 
     </span>
    </p>
   </div>
   <div class='ocr_carea' id='block_1_3' title="bbox 81 2202 1342 2290">
    <p class='ocr_par' dir='ltr' id='par_1_4' title="bbox 81 2202 1342 2290">
     <span class='ocr_line' id='line_1_17' title="bbox 81 2202 1342 2290; baseline -0.001 -20"><span class='ocrx_word' id='word_1_121' title='bbox 81 2247 84 2254; x_wconf 87' lang='lat'><strong>.</strong></span> <span class='ocrx_word' id='word_1_122' title='bbox 195 2205 390 2290; x_wconf 78' lang='lat' dir='ltr'>perlatura,</span> <span class='ocrx_word' id='word_1_123' title='bbox 410 2228 492 2290; x_wconf 90' lang='lat' dir='ltr'>quae</span> <span class='ocrx_word' id='word_1_124' title='bbox 511 2206 656 2270; x_wconf 89' lang='lat' dir='ltr'>divinum</span> <span class='ocrx_word' id='word_1_125' title='bbox 675 2226 796 2269; x_wconf 91' lang='lat' dir='ltr'>numen</span> <span class='ocrx_word' id='word_1_126' title='bbox 815 2205 1015 2288; x_wconf 84' lang='lat' dir='ltr'>averruncet,</span> <span class='ocrx_word' id='word_1_127' title='bbox 1034 2202 1221 2267; x_wconf 91' lang='lat' dir='ltr'>discrimina</span> <span class='ocrx_word' id='word_1_128' title='bbox 1234 2225 1342 2269; x_wconf 91' lang='lat' dir='ltr'>rerum</span> 
     </span>
    </p>
   </div>
   <div class='ocr_carea' id='block_1_4' title="bbox 195 2312 1397 3552">
    <p class='ocr_par' dir='ltr' id='par_1_5' title="bbox 195 2312 588 2378">
     <span class='ocr_line' id='line_1_18' title="bbox 195 2312 588 2378; baseline 0.003 -2"><span class='ocrx_word' id='word_1_129' title='bbox 195 2312 381 2377; x_wconf 84' lang='lat' dir='ltr'>felicissime</span> <span class='ocrx_word' id='word_1_130' title='bbox 404 2313 588 2378; x_wconf 84' lang='lat' dir='ltr'>duraturae.</span> 
     </span>
    </p>

    <p class='ocr_par' dir='ltr' id='par_1_6' title="bbox 195 2417 1397 3463">
     <span class='ocr_line' id='line_1_19' title="bbox 284 2417 1344 2504; baseline 0.002 -22"><span class='ocrx_word' id='word_1_131' title='bbox 284 2417 397 2503; x_wconf 90' lang='lat' dir='ltr'>Itaque</span> <span class='ocrx_word' id='word_1_132' title='bbox 420 2441 484 2484; x_wconf 91' lang='lat' dir='ltr'>non</span> <span class='ocrx_word' id='word_1_133' title='bbox 508 2421 621 2484; x_wconf 90' lang='lat' dir='ltr'>nostro</span> <span class='ocrx_word' id='word_1_134' title='bbox 646 2422 782 2498; x_wconf 89' lang='lat' dir='ltr'>tantum,</span> <span class='ocrx_word' id='word_1_135' title='bbox 807 2417 862 2482; x_wconf 92' lang='lat' dir='ltr'>sed</span> <span class='ocrx_word' id='word_1_136' title='bbox 886 2420 1054 2503; x_wconf 88' lang='lat' dir='ltr'>tamquam</span> <span class='ocrx_word' id='word_1_137' title='bbox 1078 2419 1247 2484; x_wconf 82' lang='lat' dir='ltr'>universae</span> <span class='ocrx_word' id='word_1_138' title='bbox 1270 2441 1344 2504; x_wconf 91' lang='lat' dir='ltr'>pro·</span> 
     </span>
     <span class='ocr_line' id='line_1_20' title="bbox 196 2523 1344 2610; baseline 0.001 -20"><span class='ocrx_word' id='word_1_139' title='bbox 196 2526 321 2591; x_wconf 83' lang='lat' dir='ltr'>vinciae</span> <span class='ocrx_word' id='word_1_140' title='bbox 347 2526 480 2592; x_wconf 89' lang='lat' dir='ltr'>nomine</span> <span class='ocrx_word' id='word_1_141' title='bbox 502 2525 567 2590; x_wconf 88' lang='lat' dir='ltr'>iam</span> <span class='ocrx_word' id='word_1_142' title='bbox 591 2546 760 2610; x_wconf 88' lang='lat' dir='ltr'>precamur</span> <span class='ocrx_word' id='word_1_143' title='bbox 789 2547 827 2589; x_wconf 89' lang='lat' dir='ltr'>ex</span> <span class='ocrx_word' id='word_1_144' title='bbox 856 2524 956 2589; x_wconf 87' lang='lat' dir='ltr'>animi</span> <span class='ocrx_word' id='word_1_145' title='bbox 985 2523 1160 2608; x_wconf 89' lang='lat' dir='ltr'>sententia,</span> <span class='ocrx_word' id='word_1_146' title='bbox 1188 2527 1235 2590; x_wconf 90' lang='lat' dir='ltr'>uti</span> <span class='ocrx_word' id='word_1_147' title='bbox 1259 2525 1344 2610; x_wconf 84' lang='lat' dir='ltr'>Tibi,</span> 
     </span>
     <span class='ocr_line' id='line_1_21' title="bbox 195 2631 1337 2719; baseline -0.001 -20"><span class='ocrx_word' id='word_1_148' title='bbox 195 2631 383 2699; x_wconf 82' lang='lat' dir='ltr'>Celsissime</span> <span class='ocrx_word' id='word_1_149' title='bbox 406 2633 571 2719; x_wconf 89' lang='lat' dir='ltr'>Princeps,</span> <span class='ocrx_word' id='word_1_150' title='bbox 595 2633 681 2698; x_wconf 90' lang='lat' dir='ltr'>bona</span> <span class='ocrx_word' id='word_1_151' title='bbox 700 2632 808 2697; x_wconf 86' lang='lat' dir='ltr'>fausta</span> <span class='ocrx_word' id='word_1_152' title='bbox 824 2632 993 2698; x_wconf 84' lang='lat' dir='ltr'>fortunata</span> <span class='ocrx_word' id='word_1_153' title='bbox 1012 2635 1128 2696; x_wconf 88' lang='lat' dir='ltr'>cuncta</span> <span class='ocrx_word' id='word_1_154' title='bbox 1142 2632 1230 2696; x_wconf 92' lang='lat' dir='ltr'>Deus</span> <span class='ocrx_word' id='word_1_155' title='bbox 1246 2632 1337 2718; x_wconf 90' lang='lat' dir='ltr'>Opti·</span> 
     </span>
     <span class='ocr_line' id='line_1_22' title="bbox 196 2736 1397 2824; baseline 0 -20"><span class='ocrx_word' id='word_1_156' title='bbox 196 2762 267 2804; x_wconf 87' lang='lat' dir='ltr'>mus</span> <span class='ocrx_word' id='word_1_157' title='bbox 287 2738 448 2805; x_wconf 86' lang='lat' dir='ltr'>Maximus</span> <span class='ocrx_word' id='word_1_158' title='bbox 471 2740 543 2804; x_wconf 88' lang='lat' dir='ltr'>duit</span> <span class='ocrx_word' id='word_1_159' title='bbox 565 2739 703 2823; x_wconf 89' lang='lat' dir='ltr'>dataque</span> <span class='ocrx_word' id='word_1_160' title='bbox 726 2744 903 2823; x_wconf 83' lang='lat' dir='ltr'>perpetuet,</span> <span class='ocrx_word' id='word_1_161' title='bbox 926 2739 1121 2822; x_wconf 90' lang='lat' dir='ltr'>beatumque</span> <span class='ocrx_word' id='word_1_162' title='bbox 1141 2736 1196 2822; x_wconf 83' lang='lat' dir='ltr'>Te,</span> <span class='ocrx_word' id='word_1_163' title='bbox 1218 2739 1252 2803; x_wconf 90' lang='lat' dir='ltr'>in</span> <span class='ocrx_word' id='word_1_164' title='bbox 1276 2761 1340 2824; x_wconf 91' lang='lat' dir='ltr'>quo</span> <span class='ocrx_word' id='word_1_165' title='bbox 1394 2785 1397 2791; x_wconf 87' lang='lat'><em>-</em></span> 
     </span>
     <span class='ocr_line' id='line_1_23' title="bbox 196 2845 1343 2931; baseline -0.001 -21"><span class='ocrx_word' id='word_1_166' title='bbox 196 2867 270 2930; x_wconf 88' lang='lat' dir='ltr'>spes</span> <span class='ocrx_word' id='word_1_167' title='bbox 295 2851 327 2911; x_wconf 89' lang='lat' dir='ltr'>et</span> <span class='ocrx_word' id='word_1_168' title='bbox 350 2847 438 2911; x_wconf 90' lang='lat' dir='ltr'>salus</span> <span class='ocrx_word' id='word_1_169' title='bbox 463 2846 573 2911; x_wconf 86' lang='lat' dir='ltr'>futura</span> <span class='ocrx_word' id='word_1_170' title='bbox 595 2846 721 2930; x_wconf 84' lang='lat' dir='ltr'>patriae</span> <span class='ocrx_word' id='word_1_171' title='bbox 748 2846 893 2929; x_wconf 86' lang='lat' dir='ltr'>reposita</span> <span class='ocrx_word' id='word_1_172' title='bbox 916 2849 980 2928; x_wconf 88' lang='lat' dir='ltr'>est,</span> <span class='ocrx_word' id='word_1_173' title='bbox 1007 2869 1065 2931; x_wconf 91' lang='lat' dir='ltr'>per</span> <span class='ocrx_word' id='word_1_174' title='bbox 1092 2867 1251 2911; x_wconf 87' lang='lat' dir='ltr'>annorum</span> <span class='ocrx_word' id='word_1_175' title='bbox 1275 2845 1343 2910; x_wconf 92' lang='lat' dir='ltr'>diu·</span> 
     </span>
     <span class='ocr_line' id='line_1_24' title="bbox 196 2951 1343 3038; baseline 0.001 -22"><span class='ocrx_word' id='word_1_176' title='bbox 196 2953 386 3017; x_wconf 87' lang='lat' dir='ltr'>turnitatem</span> <span class='ocrx_word' id='word_1_177' title='bbox 420 2953 580 3036; x_wconf 88' lang='lat' dir='ltr'>propitius</span> <span class='ocrx_word' id='word_1_178' title='bbox 614 2953 752 3036; x_wconf 84' lang='lat' dir='ltr'>sospitet</span> <span class='ocrx_word' id='word_1_179' title='bbox 785 2953 1047 3038; x_wconf 89' lang='lat' dir='ltr'>superstitetque.</span> <span class='ocrx_word' id='word_1_180' title='bbox 1102 2951 1208 3018; x_wconf 86' lang='lat' dir='ltr'>Macte</span> <span class='ocrx_word' id='word_1_181' title='bbox 1241 2952 1343 3038; x_wconf 80' lang='lat' dir='ltr'>igitur</span> 
     </span>
     <span class='ocr_line' id='line_1_25' title="bbox 196 3057 1344 3145; baseline -0.001 -21"><span class='ocrx_word' id='word_1_182' title='bbox 196 3057 315 3124; x_wconf 88' lang='lat' dir='ltr'>virtute</span> <span class='ocrx_word' id='word_1_183' title='bbox 343 3058 427 3142; x_wconf 88' lang='lat' dir='ltr'>Tua,</span> <span class='ocrx_word' id='word_1_184' title='bbox 455 3063 487 3124; x_wconf 88' lang='lat' dir='ltr'>et</span> <span class='ocrx_word' id='word_1_185' title='bbox 517 3059 544 3124; x_wconf 90' lang='lat' dir='ltr'>si</span> <span class='ocrx_word' id='word_1_186' title='bbox 567 3059 617 3124; x_wconf 86' lang='lat' dir='ltr'>fas</span> <span class='ocrx_word' id='word_1_187' title='bbox 641 3061 691 3124; x_wconf 86' lang='lat' dir='ltr'>est</span> <span class='ocrx_word' id='word_1_188' title='bbox 714 3063 834 3144; x_wconf 90' lang='lat' dir='ltr'>petere,</span> <span class='ocrx_word' id='word_1_189' title='bbox 866 3062 1013 3124; x_wconf 87' lang='lat' dir='ltr'>nostrum</span> <span class='ocrx_word' id='word_1_190' title='bbox 1035 3059 1194 3145; x_wconf 90' lang='lat' dir='ltr'>huiusque</span> <span class='ocrx_word' id='word_1_191' title='bbox 1218 3061 1344 3125; x_wconf 86' lang='lat' dir='ltr'>univer-</span> 
     </span>
     <span class='ocr_line' id='line_1_26' title="bbox 196 3165 1341 3250; baseline 0.003 -21"><span class='ocrx_word' id='word_1_192' title='bbox 196 3165 305 3230; x_wconf 89' lang='lat' dir='ltr'>sitatis</span> <span class='ocrx_word' id='word_1_193' title='bbox 329 3185 549 3250; x_wconf 85' lang='lat' dir='ltr'>annerumque</span> <span class='ocrx_word' id='word_1_194' title='bbox 574 3169 607 3229; x_wconf 90' lang='lat' dir='ltr'>et</span> <span class='ocrx_word' id='word_1_195' title='bbox 624 3165 762 3230; x_wconf 88' lang='lat' dir='ltr'>dulciter</span> <span class='ocrx_word' id='word_1_196' title='bbox 786 3169 818 3229; x_wconf 89' lang='lat' dir='ltr'>et</span> <span class='ocrx_word' id='word_1_197' title='bbox 842 3168 878 3230; x_wconf 86' lang='lat' dir='ltr'>ut</span> <span class='ocrx_word' id='word_1_198' title='bbox 896 3187 1063 3250; x_wconf 89' lang='lat' dir='ltr'>speramus</span> <span class='ocrx_word' id='word_1_199' title='bbox 1083 3165 1270 3230; x_wconf 88' lang='lat' dir='ltr'>salutariter</span> <span class='ocrx_word' id='word_1_200' title='bbox 1288 3165 1341 3232; x_wconf 87' lang='lat' dir='ltr'>hie</span> 
     </span>
     <span class='ocr_line' id='line_1_27' title="bbox 196 3271 1346 3356; baseline 0 -20"><span class='ocrx_word' id='word_1_201' title='bbox 196 3277 435 3338; x_wconf 87' lang='lat' dir='ltr'>transactorum</span> <span class='ocrx_word' id='word_1_202' title='bbox 459 3275 526 3336; x_wconf 88' lang='lat' dir='ltr'>tam</span> <span class='ocrx_word' id='word_1_203' title='bbox 550 3272 740 3336; x_wconf 90' lang='lat' dir='ltr'>benevolam</span> <span class='ocrx_word' id='word_1_204' title='bbox 760 3271 1019 3337; x_wconf 87' lang='lat' dir='ltr'>recordationem</span> <span class='ocrx_word' id='word_1_205' title='bbox 1038 3273 1155 3356; x_wconf 89' lang='lat' dir='ltr'>recole,</span> <span class='ocrx_word' id='word_1_206' title='bbox 1177 3294 1274 3356; x_wconf 90' lang='lat' dir='ltr'>quam</span> <span class='ocrx_word' id='word_1_207' title='bbox 1293 3272 1346 3336; x_wconf 92' lang='lat' dir='ltr'>de-</span> 
     </span>
     <span class='ocr_line' id='line_1_28' title="bbox 199 3377 1361 3463; baseline -0.003 -18"><span class='ocrx_word' id='word_1_208' title='bbox 199 3384 277 3445; x_wconf 88' lang='lat' dir='ltr'>vota</span> <span class='ocrx_word' id='word_1_209' title='bbox 299 3379 375 3445; x_wconf 73' lang='lat' dir='ltr'>ribi</span> <span class='ocrx_word' id='word_1_210' title='bbox 399 3377 540 3463; x_wconf 89' lang='lat' dir='ltr'>Tuisque</span> <span class='ocrx_word' id='word_1_211' title='bbox 563 3379 739 3448; x_wconf 84' lang='lat' dir='ltr'>virtutibus</span> <span class='ocrx_word' id='word_1_212' title='bbox 764 3379 870 3462; x_wconf 88' lang='lat' dir='ltr'>pictas</span> <span class='ocrx_word' id='word_1_213' title='bbox 894 3383 1007 3444; x_wconf 88' lang='lat' dir='ltr'>nostra</span> <span class='ocrx_word' id='word_1_214' title='bbox 1030 3379 1228 3463; x_wconf 89' lang='lat' dir='ltr'>perennabit.</span> <span class='ocrx_word' id='word_1_215' title='bbox 1252 3377 1361 3443; x_wconf 76' lang='lat' dir='ltr'>Vela</span> 
     </span>
    </p>

    <p class='ocr_par' dir='ltr' id='par_1_7' title="bbox 286 3483 1253 3552">
     <span class='ocr_line' id='line_1_29' title="bbox 286 3483 1253 3552; baseline -0.002 -2"><span class='ocrx_word' id='word_1_216' title='bbox 286 3485 514 3551; x_wconf 87' lang='lat' dir='ltr'>Scribebamus</span> <span class='ocrx_word' id='word_1_217' title='bbox 537 3484 673 3551; x_wconf 87' lang='lat' dir='ltr'>Bonnae</span> <span class='ocrx_word' id='word_1_218' title='bbox 695 3485 806 3549; x_wconf 91' lang='lat' dir='ltr'>Idibus</span> <span class='ocrx_word' id='word_1_219' title='bbox 830 3483 959 3550; x_wconf 89' lang='lat' dir='ltr'>Martiis</span> <span class='ocrx_word' id='word_1_220' title='bbox 982 3509 1011 3550; x_wconf 86' lang='lat' dir='ltr'>a.</span> <span class='ocrx_word' id='word_1_221' title='bbox 1035 3501 1253 3552; x_wconf 76' lang='lat' dir='ltr'>croroccecrr.</span> 
     </span>
    </p>
   </div>
   <div class='ocr_carea' id='block_1_5' title="bbox 751 3840 782 3906">
    <p class='ocr_par' dir='ltr' id='par_1_8' title="bbox 751 3840 782 3906">
     <span class='ocr_line' id='line_1_30' title="bbox 751 3840 782 3906; baseline 0.065 -2"><span class='ocrx_word' id='word_1_222' title='bbox 751 3840 782 3906; x_wconf 84' lang='lat'>4.</span> 
     </span>
    </p>
   </div>
   <div class='ocr_carea' id='block_1_6' title="bbox 198 3979 1345 4171">
    <p class='ocr_par' dir='ltr' id='par_1_9' title="bbox 198 3979 1345 4171">
     <span class='ocr_line' id='line_1_31' title="bbox 198 3979 1345 4068; baseline 0 -23"><span class='ocrx_word' id='word_1_223' title='bbox 198 3980 399 4068; x_wconf 85' lang='lat' dir='ltr'>Anachlag</span> <span class='ocrx_word' id='word_1_224' title='bbox 428 3981 494 4046; x_wconf 88' lang='lat' dir='ltr'>der</span> <span class='ocrx_word' id='word_1_225' title='bbox 516 3981 722 4068; x_wconf 82' lang='lat' dir='ltr'>Leipziger</span> <span class='ocrx_word' id='word_1_226' title='bbox 745 3981 996 4048; x_wconf 82' lang='lat' dir='ltr'>Universitiit</span> <span class='ocrx_word' id='word_1_227' title='bbox 1024 3979 1085 4046; x_wconf 90' lang='lat' dir='ltr'>bei</span> <span class='ocrx_word' id='word_1_228' title='bbox 1113 3980 1178 4045; x_wconf 90' lang='lat' dir='ltr'>der</span> <span class='ocrx_word' id='word_1_229' title='bbox 1201 3979 1345 4046; x_wconf 90' lang='lat' dir='ltr'>Ueber-</span> 
     </span>
     <span class='ocr_line' id='line_1_32' title="bbox 260 4087 1282 4171; baseline 0 -19"><span class='ocrx_word' id='word_1_230' title='bbox 260 4089 395 4153; x_wconf 90' lang='lat' dir='ltr'>nahme</span> <span class='ocrx_word' id='word_1_231' title='bbox 418 4088 483 4153; x_wconf 90' lang='lat' dir='ltr'>des</span> <span class='ocrx_word' id='word_1_232' title='bbox 506 4087 716 4154; x_wconf 89' lang='lat' dir='ltr'>Rcctorats</span> <span class='ocrx_word' id='word_1_233' title='bbox 741 4087 862 4154; x_wconf 86' lang='lat' dir='ltr'>durch</span> <span class='ocrx_word' id='word_1_234' title='bbox 886 4089 958 4153; x_wconf 88' lang='lat' dir='ltr'>den</span> <span class='ocrx_word' id='word_1_235' title='bbox 980 4087 1110 4171; x_wconf 79' lang='lat' dir='ltr'>Kdnig</span> <span class='ocrx_word' id='word_1_236' title='bbox 1136 4088 1282 4152; x_wconf 77' lang='lat' dir='ltr'>Albert.</span> 
     </span>
    </p>
   </div>
   <div class='ocr_carea' id='block_1_7' title="bbox 198 4227 1345 4632">
    <p class='ocr_par' dir='ltr' id='par_1_10' title="bbox 198 4227 1345 4524">
     <span class='ocr_line' id='line_1_33' title="bbox 287 4227 1345 4316; baseline -0.002 -22"><span class='ocrx_word' id='word_1_237' title='bbox 287 4227 407 4294; x_wconf 87' lang='lat' dir='ltr'>Rector</span> <span class='ocrx_word' id='word_1_238' title='bbox 430 4233 462 4293; x_wconf 92' lang='lat' dir='ltr'>et</span> <span class='ocrx_word' id='word_1_239' title='bbox 485 4228 622 4294; x_wconf 88' lang='lat' dir='ltr'>Senatus</span> <span class='ocrx_word' id='word_1_240' title='bbox 641 4228 873 4296; x_wconf 86' lang='lat' dir='ltr'>Vniversitatis</span> <span class='ocrx_word' id='word_1_241' title='bbox 896 4229 1074 4316; x_wconf 86' lang='lat' dir='ltr'>Lipsiensis</span> <span class='ocrx_word' id='word_1_242' title='bbox 1092 4230 1104 4313; x_wconf 94' lang='grc' dir='ltr'>ΙΙ</span> <span class='ocrx_word' id='word_1_243' title='bbox 1123 4227 1255 4294; x_wconf 79' lang='lat' dir='ltr'>Civibus</span> <span class='ocrx_word' id='word_1_244' title='bbox 1276 4249 1345 4293; x_wconf 89' lang='lat' dir='ltr'>aea·</span> 
     </span>
     <span class='ocr_line' id='line_1_34' title="bbox 198 4333 1345 4421; baseline 0.001 -23"><span class='ocrx_word' id='word_1_245' title='bbox 198 4333 330 4400; x_wconf 90' lang='lat' dir='ltr'>demicis</span> <span class='ocrx_word' id='word_1_246' title='bbox 347 4336 359 4419; x_wconf 85' lang='grc' dir='ltr'>ΙΙ</span> <span class='ocrx_word' id='word_1_247' title='bbox 377 4339 410 4400; x_wconf 91' lang='lat' dir='ltr'>et</span> <span class='ocrx_word' id='word_1_248' title='bbox 438 4335 631 4421; x_wconf 90' lang='lat' dir='ltr'>quicumque</span> <span class='ocrx_word' id='word_1_249' title='bbox 659 4357 732 4400; x_wconf 91' lang='lat' dir='ltr'>cum</span> <span class='ocrx_word' id='word_1_250' title='bbox 761 4338 795 4401; x_wconf 91' lang='lat' dir='ltr'>in</span> <span class='ocrx_word' id='word_1_251' title='bbox 822 4337 884 4402; x_wconf 86' lang='lat' dir='ltr'>hac</span> <span class='ocrx_word' id='word_1_252' title='bbox 907 4338 987 4402; x_wconf 91' lang='lat' dir='ltr'>urbe</span> <span class='ocrx_word' id='word_1_253' title='bbox 1010 4341 1082 4403; x_wconf 89' lang='lat' dir='ltr'>tum</span> <span class='ocrx_word' id='word_1_254' title='bbox 1105 4335 1191 4420; x_wconf 91' lang='lat' dir='ltr'>apud</span> <span class='ocrx_word' id='word_1_255' title='bbox 1215 4339 1345 4400; x_wconf 84' lang='lat' dir='ltr'>exteros</span> 
     </span>
     <span class='ocr_line' id='line_1_35' title="bbox 198 4438 879 4524; baseline -0.001 -17"><span class='ocrx_word' id='word_1_256' title='bbox 198 4442 295 4507; x_wconf 90' lang='lat' dir='ltr'>rebus</span> <span class='ocrx_word' id='word_1_257' title='bbox 318 4441 439 4506; x_wconf 91' lang='lat' dir='ltr'>nestris</span> <span class='ocrx_word' id='word_1_258' title='bbox 463 4442 544 4506; x_wconf 90' lang='lat' dir='ltr'>bene</span> <span class='ocrx_word' id='word_1_259' title='bbox 567 4441 681 4505; x_wconf 91' lang='lat' dir='ltr'>volunt</span> <span class='ocrx_word' id='word_1_260' title='bbox 697 4441 708 4524; x_wconf 87' lang='grc' dir='ltr'>ΙΙ</span> <span class='ocrx_word' id='word_1_261' title='bbox 726 4438 879 4506; x_wconf 86' lang='lat' dir='ltr'>Salutem.</span> 
     </span>
    </p>

    <p class='ocr_par' dir='ltr' id='par_1_11' title="bbox 288 4545 1345 4632">
     <span class='ocr_line' id='line_1_36' title="bbox 288 4545 1345 4632; baseline -0.001 -20"><span class='ocrx_word' id='word_1_262' title='bbox 288 4547 472 4632; x_wconf 87' lang='lat' dir='ltr'>Postquam</span> <span class='ocrx_word' id='word_1_263' title='bbox 505 4545 763 4611; x_wconf 86' lang='lat' dir='ltr'>anniversarium</span> <span class='ocrx_word' id='word_1_264' title='bbox 795 4547 938 4613; x_wconf 85' lang='lat' dir='ltr'>officium</span> <span class='ocrx_word' id='word_1_265' title='bbox 970 4547 1066 4612; x_wconf 86' lang='lat' dir='ltr'>rediit</span> <span class='ocrx_word' id='word_1_266' title='bbox 1092 4547 1169 4614; x_wconf 88' lang='lat' dir='ltr'>novi</span> <span class='ocrx_word' id='word_1_267' title='bbox 1197 4545 1345 4614; x_wconf 86' lang='lat' dir='ltr'>Rectoris</span> 
     </span>
    </p>
   </div>
   <div class='ocr_carea' id='block_1_8' title="bbox 0 0 1661 5070">
    <p class='ocr_par' dir='ltr' id='par_1_12' title="bbox 0 0 1661 5070">
     <span class='ocr_line' id='line_1_37' title="bbox 0 0 1661 5070; baseline 0 0"><span class='ocrx_word' id='word_1_268' title='bbox 0 0 1661 5070; x_wconf 95' lang='lat' dir='ltr'> </span> 
     </span>
    </p>
   </div>
  </div>
 </body>
</html>
