3338 5072
301 364 367 430 364
589 377 849 428 raonnaonnna
872 379 919 427 ns
944 378 1153 427 aarronravs

301 525 365 590 697
389 525 418 590 is
439 523 533 589 aaa
555 527 608 601 cst,
631 526 664 588 et
687 525 814 607 praeter
837 525 944 586 cetera
966 523 1042 604 qaid
1062 524 1119 588 cist
1140 543 1252 588 nomen
1274 546 1303 588 v.
1329 520 1447 608 906*):

301 631 387 717 quod
415 637 451 696 ut
478 652 543 696 uno
577 634 687 695 tamen
714 651 810 695 versu
836 630 901 694 249
929 651 1043 714 reapse
1071 627 1282 716 facerem**),
1314 630 1447 715 propria

301 739 511 804 dimetrorum
531 737 731 802 concinnitas
751 740 785 801 et
803 757 1012 801 numerorum
1031 737 1148 802 lenitas
1168 738 1328 823 exigebat.
1357 735 1447 804 Cete-

300 869 372 911 rum
391 845 475 930 quod
499 845 533 909 in
550 845 644 927 potis,
661 850 741 927 pate,
764 842 849 908 idem
868 843 902 908 in
921 845 1033 926 potiar,
1051 845 1142 927 potin
1161 845 1256 930 cadit,
1280 848 1332 911 sat
1351 867 1446 930 saepe

300 975 358 1038 pro
381 953 453 1038 ipso
471 950 571 1035 patira'
594 956 639 1016 est
659 951 776 1034 posita.
803 987 840 996 —
866 949 944 1015 Dixi
967 949 1005 1015 de
1028 952 1135 1036 prima
1158 954 1191 1015 at
1214 951 1354 1016 secunda
1376 975 1445 1037 per·

300 1080 381 1125 sona
395 1058 567 1144 singularis
581 1056 717 1122 numeri.
739 1055 778 1120 In
792 1056 926 1142 reliquis
945 1057 1008 1122 etsi
1027 1055 1222 1141 aliquotiens
1236 1057 1335 1122 verbo
1354 1057 1447 1124 finito

300 1169 388 1231 caret
414 1166 592 1250 praedicati
620 1186 694 1229 oum
721 1164 866 1229 subiecto
894 1163 1070 1248 copulatio,
1098 1167 1207 1230 tamen
1235 1185 1277 1229 nc
1303 1163 1358 1230 hic
1380 1165 1448 1250 qui-

301 1274 374 1339 dem
397 1272 430 1338 id
454 1295 550 1357 saepe
572 1272 696 1337 factum
718 1293 777 1336 neo
801 1271 839 1337 de
863 1293 953 1337 moro
976 1272 1085 1356 potius
1109 1293 1206 1356 quam
1228 1275 1357 1354 praeter
1380 1294 1446 1337 mo·

300 1403 377 1446 rem.
423 1378 454 1444 A
482 1379 699 1445 commotione
728 1379 827 1444 animi
855 1367 1095 1446 excusationem
1124 1378 1224 1444 habet
1253 1379 1288 1442 in
1319 1379 1447 1445 cantico

300 1487 443 1573 positum
465 1507 517 1570 epo
540 1491 679 1568 arpertus
697 1509 725 1550 v.
746 1485 819 1570 826,
843 1485 928 1571 quod
951 1489 1061 1550 tamen
1081 1485 1149 1550 sine
1168 1505 1219 1568 ayo
1238 1506 1279 1549 ns
1298 1485 1446 1571 intellegi

300 1593 429 1680 quidem
443 1596 609 1684 potuerat:
629 1593 750 1658 omisso
764 1613 890 1658 samus
904 1614 978 1656 curn
993 1591 1131 1677 quadarn
1147 1591 1311 1678 gravitate
1325 1592 1447 1659 dictum

300 1725 328 1766 v.
347 1701 413 1766 492
436 1721 492 1766 aas
514 1699 692 1765 homunculi
711 1699 851 1765 satillum
869 1701 996 1765 animae
1014 1698 1056 1785 (si
1079 1701 1269 1783 incorrupta
1288 1701 1447 1784 scriptura

301 1809 355 1894 [cf.
369 1832 399 1894 p.
415 1806 524 1894 336]):
546 1806 656 1872 addito
678 1812 766 1872 suat
789 1805 967 1892 supplenda
985 1805 1231 1891 participiorum
1250 1808 1448 1872 constructio

299 1917 358 1982 atii
384 1915 515 1980 craortai
536 1937 565 1980 v.
589 1914 656 1980 535
679 1919 712 1980 et
738 1915 903 1998 trapezitae
931 1915 1015 1979 mitte
1043 1913 1284 1979 araciunculam
1312 1914 1448 1978 redditae

299 2025 376 2108 426,
404 2043 485 2108 quae
508 2023 726 2087 enumerantis
750 2026 838 2107 sunt,
864 2025 1034 2106 praeterea
1063 2021 1097 2087 in
1120 2021 1257 2086 relativo
1281 2021 1447 2086 enuntiato

300 2131 356 2213 qai
376 2130 424 2195 ra't
446 2129 549 2195 meriti
567 2152 596 2195 v.
618 2130 713 2195 1049.
745 2128 953 2214 Aliquotiens
972 2128 1093 2214 legitur
1112 2150 1179 2193 non
1203 2127 1354 2213 apposito
1376 2133 1450 2194 sanc

301 2238 400 2303 verbo
422 2237 557 2318 futura
580 2236 802 2322 participium,
831 2240 868 2301 ut
891 2236 1054 2322 Amphitr.
1078 2235 1118 2321 V,
1142 2237 1172 2314 2,
1195 2237 1216 2300 3
1239 2256 1317 2318 quac
1337 2235 1449 2316 futura

300 2350 330 2410 ct
357 2344 554 2428 quaefacta,
577 2344 711 2426 eloquar,
736 2341 854 2410 Bacch.
877 2343 988 2428 111,4,
1013 2344 1054 2408 12
1076 2365 1155 2426 qaae
1175 2343 1294 2424 satura,
1315 2342 1449 2425 fabulor,

207 2473 286 2514 cxm
300 2452 353 2517 vel
372 2452 451 2517 adeo
469 2453 534 2516 sint
556 2450 762 2516 coniunctivo
787 2451 907 2516 omisso
927 2450 1036 2515 Aulul.
1054 2449 1114 2534 III,
1133 2451 1163 2534 2,
1185 2450 1225 2515 18
1248 2471 1340 2516 meaa
1357 2450 1449 2516 salua

297 2559 420 2642 sutura:
452 2580 627 2643 numquam
657 2561 767 2623 autem
780 2562 859 2623 'tam
882 2557 1026 2622 insolens
1050 2556 1312 2623 collocandorum
1335 2556 1449 2622 verbo-

300 2689 372 2732 rum
400 2666 575 2732 artificium
603 2664 722 2731 offendi
751 2688 849 2750 quam
875 2664 1058 2730 Trinummi
1086 2688 1115 2730 v.
1139 2665 1217 2730 209:
1250 2686 1329 2747 quac
1355 2685 1449 2748 aeque

298 2773 408 2856 satam
426 2793 520 2856 aeqrcc
537 2777 619 2857 arat,
638 2777 739 2837 tamen
757 2772 807 2837 illi
824 2773 934 2838 sanat.
967 2771 1155 2836 Tolerarem
1174 2771 1325 2857 loquendi
1343 2791 1447 2856 genus

299 2880 379 2946 tale:
402 2901 498 2962 acque
519 2901 597 2961 qaae
617 2879 736 2960 futura,
759 2900 854 2962 aeque
875 2901 953 2962 quac
974 2884 1059 2944 sant:
1084 2877 1140 2944 sed
1164 2901 1202 2943 ex
1225 2900 1289 2943 uno
1308 2877 1446 2944 relativo

301 3009 457 3072 suspensa
488 3005 583 3071 acqrrc
611 2988 723 3069 futura
754 3007 850 3070 acque
880 2993 954 3052 strat
987 2990 1178 3072 aspernatur
1205 2985 1350 3051 Plautini
1383 3009 1447 3051 aer·

301 3095 407 3159 monis
431 3094 632 3178 simplicitas.
671 3093 741 3171 Quo
765 3094 888 3159 accedit
911 3093 1102 3178 simplicitas
1126 3091 1301 3177 cogitandi,
1325 3115 1389 3178 qua
1410 3097 1449 3159 ut

300 3202 481 3287 praesentis
506 3206 580 3266 ante
603 3201 750 3267 futurum
773 3205 901 3286 tempus
925 3201 1046 3266 mentio
1069 3200 1128 3264 fiat
1152 3199 1313 3266 suadetur.
1360 3199 1448 3276 Quae

302 3331 373 3376 oum
396 3309 444 3373 ita
467 3313 589 3392 essent,
616 3312 650 3373 et
672 3308 890 3375 Ambrosiano
917 3307 1106 3374 testimonio
1131 3311 1164 3372 et
1186 3305 1378 3372 Bentleiano
1401 3309 1448 3372 iu·

301 3416 385 3481 dicio
413 3415 527 3482 relicto
556 3417 602 3481 sic
629 3416 721 3480 illum
749 3438 878 3482 versum
902 3416 1003 3482 eiecto
1032 3420 1134 3480 tamea
1157 3414 1236 3501 (non
1260 3414 1362 3480 eiecto
1385 3412 1449 3500 ita)

302 3522 343 3587 ad
366 3544 570 3588 communem
594 3524 858 3590 consuetudinem
882 3523 1098 3589 revocandum
1122 3520 1320 3587 existimavi:

392 3680 480 3757 Quae
503 3685 605 3769 neque
629 3688 706 3750 sunt
727 3707 830 3769 neque
854 3683 964 3749 futura
986 3685 1072 3766 sunt,
1094 3679 1147 3746 illi
1168 3679 1359 3768 sciunt.***)

303 3840 453 3908 Ceterum
482 3865 521 3909 ne
550 3845 584 3910 in
613 3845 766 3911 infinitivi
795 3844 923 3931 quidem
953 3842 1226 3908 constructionem
1253 3863 1291 3907 ea
1319 3841 1358 3906 de
1386 3863 1449 3926 qua

303 3989 417 3996 ..-...-.,.
446 3991 515 3997 --......

392 4055 418 4124 ¹)
441 4055 499 4128 [Sic
523 4055 617 4112 Trin.¹
639 4073 690 4127 pro
713 4057 781 4127 qaid
805 4061 843 4110 cst
861 4055 886 4109 ci
904 4069 1000 4109 acrncn
1020 4054 1184 4124 ‘asperitate
1203 4052 1346 4124 singulari,
1366 4067 1449 4122 qnam

303 4160 358 4199 non
377 4144 461 4200 dabui
477 4145 588 4217 tueri’]
1160 4201 1162 4206 .

374 4234 416 4302 ⁸¹³)
436 4235 536 4304 [Quem
550 4235 649 4304 postea
663 4235 694 4289 et
706 4233 789 4289 aliter
803 4231 952 4288 constituit
964 4231 1134 4287 ltitschelius
1153 4233 1183 4286 et
1201 4247 1264 4286 cum
1278 4229 1450 4286 Buechelero

303 4321 450 4392 interpreti
468 4321 588 4391 tribuit]

357 4409 412 4478 W)
431 4411 475 4479 [In
499 4409 542 4464 ed.
562 4410 611 4466 alt.
630 4409 801 4465 Ritschalins
824 4412 914 4466 toturn
937 4411 1012 4465 huno
1030 4425 1141 4464 versum
1165 4407 1312 4465 amotum
1336 4424 1395 4464 arsa
1414 4407 1451 4464 ad
1482 4395 1483 4400 ἵ

305 4498 463 4568 exemplum
481 4515 577 4554 versus
596 4505 649 4554 206
667 4499 823 4568 iudicavit]
