3302 5076
305 580 379 625 reor
401 580 442 624 ne
465 558 689 626 immodestius
713 560 834 626 sentire
857 559 989 625 iudicer.
1023 557 1227 644 Quamquam
1250 559 1352 624 etiam
1375 559 1455 624 hinc

305 665 409 749 petita
431 665 582 731 laudandi
605 683 704 733 anuis
732 671 767 731 et
792 664 967 732 venerandi
995 665 1134 730 materia
1157 687 1231 731 cum
1254 669 1288 730 et
1311 666 1453 750 amplior

305 773 364 856 sit,
395 795 493 858 quam
521 773 612 838 cuius
641 795 744 856 capax
772 773 816 838 sit
843 772 942 838 horae
965 772 1123 856 brevitas,
1154 774 1277 837 ettam
1303 773 1451 838 omnium

305 879 407 944 oculis
436 882 551 963 aperta
577 882 709 964 tamque
737 878 956 944 consentienti
985 879 1230 962 praeconiorum
1261 879 1451 944 testimonio

1627 231 1628 310 l

307 400 372 464 672
683 416 916 466 nurnnuscmr
939 416 1067 465 sunau.
1627 431 1628 492 ,

1627 539 1628 592 l

1627 640 1628 684 l

1627 693 1628 734 l

305 985 490 1070 decantata,
527 991 564 1051 ut
595 1007 710 1070 parum
741 985 820 1050 novi
856 985 949 1051 vobis
986 987 1115 1052 narrari
1151 1007 1247 1070 posse
1283 985 1451 1051 videatur:

304 1093 416 1176 paullo
444 1093 578 1158 liberius
606 1092 783 1176 exspatiari
809 1092 923 1158 licebit
939 1096 985 1156 'et
1012 1093 1053 1158 ab
1082 1093 1137 1176 iis,
1169 1114 1253 1178 quae
1279 1093 1314 1156 in
1342 1093 1452 1176 patria

304 1203 418 1265 nostra
446 1220 516 1264 esse
543 1200 704 1284 praestita
731 1198 912 1264 communis
934 1219 998 1264 vox
1026 1199 1278 1265 admirabundus
1300 1199 1451 1284 Europae

304 1304 435 1388 clamet,
463 1309 616 1371 evocatas
644 1309 769 1370 mentes
798 1308 925 1370 vestras
953 1302 994 1367 ad
1017 1325 1056 1368 ea
1078 1326 1253 1388 parumper
1275 1306 1453 1392 traducere,

304 1432 387 1495 quae
410 1433 481 1477 esse
504 1411 701 1496 praestanda
724 1411 896 1477 videantur
924 1416 958 1476 et
979 1412 1174 1496 praestitum
1196 1413 1239 1478 iri
1263 1417 1352 1477 certo
1376 1435 1451 1479 con-

304 1517 450 1584 fidamus.
501 1517 594 1593 Quod
625 1520 727 1585 nolim
760 1519 807 1585 ita
839 1504 1114 1604 interpretemini,
1151 1519 1245 1604 quasi
1276 1521 1449 1604 quicquam

303 1625 460 1690 omissum
492 1625 543 1689 vel
575 1649 596 1691 a
628 1626 797 1691 voluntate
829 1626 881 1690 vel
918 1624 960 1691 ab
997 1625 1224 1710 intellegentia
1261 1647 1449 1712 conquerar,

304 1733 389 1816 quod
416 1732 486 1796 fieri
514 1753 571 1816 per
599 1754 671 1798 eam
699 1753 782 1818 quae
805 1731 909 1797 adhuc
931 1732 996 1798 fuit
1018 1731 1134 1796 barum
1156 1753 1265 1796 rerum
1287 1733 1447 1801 condicio·

303 1860 378 1903 nem
401 1838 542 1904 deberet.
587 1839 710 1905 Verum
739 1840 768 1904 ri
794 1839 885 1904 nulla
914 1840 948 1903 in
977 1845 1070 1924 parte
1093 1839 1270 1905 subsistere
1292 1861 1449 1926 umquam

302 1966 406 2031 genus
438 1946 615 2013 humanum
645 1969 741 2031 posse
778 1946 977 2031 conceditur,
1014 1946 1084 2031 sed,
1120 1946 1184 2011 nisi
1221 1947 1449 2032 obtorpescere

303 2056 400 2138 atque
436 2053 516 2120 adeo
553 2054 655 2120 emori
691 2055 785 2138 velit,
822 2055 975 2119 continuo
1011 2054 1084 2118 nisu
1120 2053 1250 2138 longius
1286 2054 1450 2139 progredi,

301 2163 553 2226 consentaneum
581 2163 633 2226 est
665 2161 700 2225 in
729 2162 912 2226 litterarum
945 2182 1072 2246 quoque
1105 2165 1139 2226 et
1171 2161 1291 2226 artium
1324 2165 1449 2226 susten·

301 2266 474 2332 tandarum
501 2267 857 2352 promovendorumque
886 2289 963 2332 cura
993 2290 1095 2334 novas
1124 2268 1246 2333 formas
1279 2269 1448 2333 inventum

301 2375 334 2436 et
360 2373 548 2439 institutum
571 2375 627 2458 iri,
659 2375 776 2459 quibus
805 2373 846 2438 ad
874 2374 1014 2440 rectiora
1042 2379 1075 2439 et
1102 2374 1220 2441 altiora
1247 2375 1448 2441 ascendatur.

267 2500 287 2540 v
302 2477 347 2544 Et
363 2479 521 2545 eiusmodi
539 2481 692 2566 quiddam
710 2502 852 2567 auguror
874 2481 952 2546 clim
974 2480 1120 2546 futurum
1143 2485 1181 2546 ut
1202 2482 1302 2546 etiam
1324 2480 1359 2545 in
1377 2481 1448 2546 uni·

300 2586 471 2651 versitates
503 2587 612 2672 cadat,
643 2589 716 2673 ipsa
747 2587 886 2654 rationis
916 2588 1108 2654 necessitate
1138 2589 1315 2654 evincente.
1357 2587 1448 2664 Quae

300 2713 395 2758 nemo
423 2693 553 2778 ignorat
580 2698 660 2778 quot
686 2698 720 2758 et
747 2695 857 2780 quales
885 2693 982 2760 hodie
1010 2695 1211 2760 adversarios
1234 2699 1348 2760 nactae
1371 2695 1447 2760 sint

299 2796 443 2875 Quorum
471 2801 749 2867 criminationibus
777 2823 863 2867 nunc
890 2801 939 2866 its
965 2805 1094 2867 tantum
1117 2806 1207 2886 utor,
1230 2806 1267 2867 ut
1289 2801 1365 2868 hinc
1388 2801 1447 2867 ali-

300 2927 363 2990 quo
387 2907 481 2972 initio
509 2913 640 2993 sumpto
668 2930 802 2994 pergam
833 2908 873 2974 ad
900 2909 1133 2974 universitates
1161 2930 1233 2974 cum
1262 2911 1327 2975 alia
1353 2913 1447 2994 parte

299 3012 523 3079 institutorum
551 3015 756 3099 publicorum
786 3016 826 3081 ad
849 3015 976 3080 litteras
1000 3016 1233 3099 pertinentium
1256 3037 1445 3100 comparan-

299 3118 370 3185 das:
404 3122 432 3186 si
459 3121 544 3186 forte
572 3121 696 3205 aliquid
719 3121 793 3186 inde
816 3120 898 3186 lucis
921 3121 957 3186 in
979 3121 1109 3186 illarum
1133 3121 1303 3187 commoda
1325 3121 1445 3186 rectius

299 3226 521 3310 perspicienda
544 3226 709 3292 redundet.
745 3226 952 3311 Comparate
975 3232 1083 3292 autem
1107 3249 1266 3292 nonaum
1285 3232 1445 3312 caparte,

299 3355 381 3417 quae
403 3334 551 3415 proximo
575 3335 616 3400 ab
640 3334 706 3399 illis
728 3334 901 3399 intervallo
930 3333 1055 3399 distans
1078 3334 1324 3419 gymnasiorum
1346 3333 1445 3400 bodie

298 3441 429 3505 nomine
452 3441 751 3526 comprehenditur,
775 3440 830 3505 sed
854 3462 927 3506 cum
950 3461 989 3504 ea
1012 3460 1093 3524 quae
1117 3440 1264 3524 superior
1286 3441 1444 3505 universi-

297 3546 421 3612 tatibus
443 3545 583 3614 habetur
606 3551 640 3612 et
662 3547 826 3632 proprium
851 3545 1088 3612 academiarum
1110 3568 1229 3611 nomen
1252 3547 1386 3611 invenit

387 3652 433 3717 nt
454 3653 489 3717 in
512 3654 780 3720 universitatibus
799 3652 936 3738 quidem,
960 3653 1071 3737 quales
1089 3653 1186 3718 hodie
1205 3657 1291 3738 sunt,
1313 3657 1444 3737 praeter

298 3759 362 3824 alia
383 3759 560 3842 vituperari
584 3760 646 3826 hoc
670 3761 767 3843 solet,
790 3760 890 3844 quod,
913 3782 986 3826 cum
1009 3760 1138 3826 litterae
1160 3759 1251 3844 ipsae
1272 3763 1441 3846 tamquam

298 3872 430 3932 aeterna
456 3867 650 3932 necessitate
677 3867 817 3953 quadam
844 3889 1021 3951 numquam
1049 3867 1235 3933 intermisso
1267 3866 1371 3952 gradu
1404 3887 1442 3930 ae

297 3975 406 4059 potius
426 3975 540 4060 rapido
559 3997 654 4040 cursu
672 3973 923 4059 progrediantur
941 3977 975 4039 et
992 3995 1078 4039 nova
1096 3995 1223 4059 semper
1241 3973 1442 4040 incrementa

297 4081 437 4167 capiant,
459 4081 554 4147 illum
577 4082 707 4168 quidem
730 4093 859 4146 cursum
882 4101 947 4145 nun
970 4081 1051 4146 satis
1074 4085 1212 4166 aequent
1235 4082 1361 4146 litteras
1385 4080 1440 4145 do·

297 4189 438 4254 cantium
471 4211 638 4272 personae.
684 4186 810 4272 Quippe
841 4186 967 4252 tardius
995 4188 1055 4254 bas
1082 4189 1117 4252 in
1145 4191 1238 4253 tanta
1266 4187 1353 4252 vitae
1380 4187 1440 4252 bu·

297 4316 413 4359 manae
437 4296 644 4380 quantumvis
667 4316 726 4379 per
748 4316 782 4359 se
805 4294 912 4360 brevis
936 4294 1147 4360 diutnmitste
1170 4293 1359 4359 instaurari:
1381 4315 1441 4376 per

298 4401 459 4466 humanae
486 4405 573 4468 enirn
601 4407 737 4468 naturae
765 4401 1026 4467 imbecillitatem
1053 4405 1121 4466 tam
1149 4399 1297 4486 angustis
1320 4401 1439 4466 finibus

297 4507 559 4591 circumscriptae
583 4513 735 4594 certoque
758 4507 890 4572 modulo
913 4508 1071 4573 inclusam
1094 4507 1238 4573 indolem
1257 4527 1324 4571 non
1341 4529 1438 4592 pares
