3322 5068
465 459 472 472 Ι
539 398 674 447 sarran
697 399 745 446 un
768 397 904 446 rnasns
927 397 1076 446 rnanno.
1309 381 1371 446 231

317 541 389 608 Hac
409 541 509 628 igitur
526 543 653 608 remota
670 539 860 608 difficultate
879 540 1076 626 reliquorum
1096 541 1298 626 quorundam
1320 540 1374 607 hic

228 649 358 737 quidem
378 649 668 733 praetermittimus
687 648 932 733 expositionem,
955 647 1011 713 ubi
1034 647 1067 714 id
1085 648 1194 734 agitur
1213 647 1318 714 solum
1337 651 1374 714 ut

230 753 499 840 antistrophicam
523 754 666 822 universi
695 755 846 820 carminis
870 754 924 839 qni
947 754 1026 818 velit
1048 755 1219 821 restituere
1243 776 1373 839 respon-

228 863 363 946 sionem,
382 861 411 926 ei
430 863 611 948 exemplum
632 861 761 948 aliquod
780 864 991 948 proponatur,
1010 882 1076 926 non
1094 861 1274 946 perfeetum
1293 859 1373 925 illud

228 969 441 1053 omnibusque
464 968 608 1034 numeris
632 968 829 1052 absolutum,
857 967 1015 1034 eiusmodi
1043 972 1154 1034 tamen
1181 967 1374 1054 exemplum,

227 1076 311 1143 undo
338 1074 546 1160 proficiscens
573 1075 703 1142 facilius
731 1074 893 1161 quispiam
921 1074 998 1160 quid
1022 1075 1155 1142 omnino
1178 1075 1217 1140 de
1240 1096 1373 1162 respon·

230 1183 320 1249 sione
343 1181 407 1248 ista
430 1180 639 1246 statuendum
662 1181 820 1266 videatur,
844 1181 985 1246 iudicare
1008 1181 1122 1267 possit.
1158 1180 1263 1246 Multa
1287 1180 1372 1246 enim

229 1290 406 1356 etiamnum
435 1285 629 1353 accuratiori
658 1307 729 1352 esso
760 1285 874 1353 relicta
901 1286 1103 1374 indagationi
1132 1286 1183 1353 vel
1207 1287 1372 1374 111111311-

227 1397 332 1462 lorum
356 1393 558 1480 quorundam
581 1392 775 1458 mactatione
799 1393 851 1458 vel
874 1394 906 1458 in
932 1393 1141 1480 stropharum
1160 1393 1247 1459 iusta
1263 1394 1370 1480 dispo·
1386 1419 1413 1458 11

228 1504 346 1570 sitione
369 1502 470 1588 probe
494 1499 651 1564 sentimus
681 1519 784 1584 neque
815 1497 1026 1565 difficultates
1056 1499 1259 1585 ignoramus,
1291 1523 1372 1586 quae

229 1615 287 1676 aut
309 1609 442 1676 omnino
465 1607 623 1673 removeri
641 1627 709 1671 non
731 1608 884 1691 poterant
901 1611 958 1671 aut
981 1627 1035 1672 eas
1058 1604 1253 1692 flagitabant
1271 1613 1373 1674 muta·

227 1717 345 1801 tiones,
373 1721 410 1782 ut
437 1713 580 1780 dubitari
603 1712 722 1798 possit,
750 1735 791 1777 an
819 1701 1084 1797 probabilitatem
1112 1717 1243 1799 superet
1266 1737 1373 1782 emen·

228 1822 370 1888 dationis
389 1819 553 1886 violentia.
581 1817 751 1884 Eiusmodi
770 1822 846 1884 sunt
864 1817 980 1884 dubiae
998 1819 1171 1886 nonnullae
1195 1824 1372 1889 metrorum

226 1929 464 2014 responsiones,
484 1925 640 1992 eiusmodi
663 1925 774 1990 hiatus
794 1924 848 1990 illc
869 1947 931 1992 vss.
948 1926 1097 1991 122123
1115 1925 1291 2013 admissus;
1309 1928 1373 1998 buc

226 2035 368 2122 pertinet
391 2033 544 2120 ambigua
567 2054 630 2098 sss.
656 2030 727 2096 131.
754 2032 816 2096 132
840 2032 1049 2098 correctionis
1073 2032 1171 2117 ratio,
1199 2033 1262 2100 hnc
1285 2035 1372 2102 deni-

227 2165 288 2227 que
312 2144 462 2228 suspecta
486 2162 565 2206 sane
591 2161 702 2205 eorum
727 2139 865 2204 mutatio
888 2143 1079 2224 metrorum,
1103 2162 1185 2225 quae
1209 2163 1281 2208 cnm
1306 2165 1372 2209 om-

226 2249 302 2316 nino
327 2271 390 2315 non
415 2247 572 2312 inusitata
595 2251 670 2312 sunt
692 2251 762 2314 tum
786 2246 943 2332 exemplis
967 2247 1221 2332 comprobantur
1243 2270 1281 2314 ex
1299 2249 1372 2336 ipso

228 2356 289 2422 hoc
312 2355 454 2422 carmine
476 2354 599 2440 petitis,
622 2354 723 2420 voluti
747 2377 776 2419 v.
797 2354 860 2420 122
880 2353 1039 2439 ἰχθυβόλῳ
1058 2360 1186 2438 μαχανᾷ
1203 2357 1373 2426 noenum.

228 2461 318 2528 Haeo
341 2461 443 2548 igitur
464 2461 638 2548 cogitanda
656 2461 830 2546 omniaque
849 2462 955 2527 denuo
973 2461 1040 2526 suis
1060 2462 1288 2548 perpendenda
1306 2487 1371 2530 mo

229 2570 359 2654 mentis,
382 2572 507 2636 certum
530 2571 567 2634 ut
589 2568 658 2633 fieri
682 2567 721 2633 de
744 2568 807 2634 hoc
829 2567 970 2634 carmine
993 2567 1146 2634 iudicium
1169 2571 1276 2655 possit
1293 2571 1372 2637 ista·

229 2697 292 2761 que
319 2675 518 2761 disceptetur
546 2674 708 2760 quaestio,
735 2697 813 2740 num
840 2696 899 2760 per
927 2679 1034 2742 totum
1057 2676 1219 2762 pertinere
1242 2699 1373 2746 carmen

227 2781 462 2867 antistrophica
496 2781 643 2848 videatur
679 2781 848 2867 responsio
881 2803 922 2848 an
955 2782 1054 2848 stiam
1087 2784 1372 2870 monostropbioae

229 2888 295 2954 sint
322 2885 500 2974 particulae
525 2885 683 2972 quaedam
707 2887 886 2972 quibusque
912 2887 1001 2973 illae,
1027 2893 1208 2955 extremum
1232 2891 1259 2956 si
1281 2913 1371 2978 repo·

230 2994 335 3060 riatur
354 3015 475 3077 verum,
493 2993 612 3060 finibus
631 2993 864 3060 contineantur.
901 2994 1046 3071 Quorum
1064 2995 1231 3082 indagatio
1250 2998 1291 3064 ab
1310 2998 1371 3064 hoc

228 3100 357 3186 quidem
381 3101 453 3167 loco
477 3100 585 3168 aliena
608 3104 665 3168 est.
