3332 5074
315 399 380 465 458
606 415 864 470 raonsooueua
888 415 943 467 nn,
960 414 1172 462 narromsvs

316 559 371 624 ubi
401 561 500 624 etiam
530 560 629 625 aliam
660 559 701 623 ob
732 580 880 624 caussam
908 557 1124 642 probabiliter
1150 557 1310 623 Aduciubt
1338 555 1462 639 qudndo

316 668 448 752 scripsit
476 666 583 732 deleto
611 665 698 731 miti.
743 664 819 730 Alia
847 668 956 730 autem
985 665 1131 750 exempla
1158 665 1192 730 in
1215 664 1405 730 Trinummo
1428 669 1462 730 et

314 771 531 838 Bacchidibus
562 772 655 837 nulla
684 775 823 837 exstant.
869 771 991 847 Quodsi
1023 771 1182 857 quaedam
1209 771 1305 838 huius
1334 771 1461 858 generis

314 882 350 945 in
380 881 453 947 aliis
483 878 602 945 fabulis
633 899 713 943 sana
742 882 832 963 eunt,
862 879 909 944 eie
939 899 1067 944 rursum
1098 878 1263 944 excusatio
1293 878 1335 942 ab
1364 877 1461 943 inter·

315 989 489 1073 punctione
517 989 648 1071 praesto
676 988 726 1050 est
753 1007 817 1070 qua
842 985 878 1050 hi
905 987 1003 1070 pedes
1030 985 1237 1070 dirimentis,
1265 987 1303 1052 ut
1325 984 1394 1050 Mil.
1417 985 1462 1070 Il,

315 1097 345 1179 6,
370 1095 458 1180 73³)
482 1092 575 1178 Oapt.
598 1093 624 1176 I,
650 1094 678 1176 1,
704 1094 759 1159 18:

404 1237 527 1302 Fotedr.
551 1235 670 1316 Quane
690 1235 822 1300 fatearis
846 1255 906 1321 ego
931 1235 1016 1320 quod
1039 1233 1185 1300 uiderim.

404 1343 533 1410 Samiis:
555 1343 681 1426 quaudo
702 1363 752 1407 res
776 1341 948 1425 re'dierunt,
971 1341 1145 1408 molossici.

316 1485 462 1562 Quocum
485 1491 596 1552 tamen
617 1509 684 1552 non
706 1459 942 1569 comparandus
966 1485 1113 1568 Hecyrae
1136 1483 1161 1570 Ι,
1185 1486 1215 1570 2,
1241 1486 1317 1550 119:

404 1629 512 1695 Hobc's
534 1629 653 1694 uuum
675 1650 758 1694 rem:
782 1630 918 1716 pergam
941 1649 1004 1713 quo
1028 1628 1120 1712 coepi
1143 1628 1206 1692 hdc
1228 1628 1300 1711 iter,

317 1794 357 1836 ne
380 1793 478 1859 egens
501 1771 631 1861 quidem
654 1770 874 1854 excusatione,
902 1774 938 1836 ut
965 1770 999 1836 in
1027 1792 1089 1855 quo
1117 1770 1235 1836 danem
1259 1770 1459 1854 corripiatur.

404 1879 519 1944 Restat
541 1884 587 1963 ut,
610 1878 763 1963 quoniam
787 1879 821 1942 in
843 1877 916 1962 ipso
935 1877 1096 1963 principio
1115 1899 1266 1942 versuum
1285 1877 1460 1961 plurimum

316 1984 532 2050 excusationis
560 1984 681 2049 habere
710 1985 890 2069 quamlibet
916 1985 1082 2049 licentiam
1110 1988 1251 2069 constat,
1284 1983 1459 2067 primum

314 2089 446 2175 pedem
480 2091 682 2156 senariorum
715 2112 774 2155 nec
806 2091 1030 2175 anapaesticus
1063 2113 1158 2158 voces
1191 2089 1290 2176 (inter
1318 2114 1398 2177 quas
1428 2096 1461 2158 et

314 2197 472 2262 iambica-s
502 2201 669 2282 tamquam
699 2197 806 2262 media
834 2197 915 2264 baec
945 2197 1040 2263 initia
1072 2204 1149 2264 sunt
1180 2197 1268 2278 Qrtod
1296 2199 1393 2280 amc's,
1424 2199 1461 2264 Is

313 2304 392 2383 eruit,
424 2305 529 2386 Neque
556 2301 645 2389 auct)
674 2325 734 2369 nec
764 2303 956 2388 spondiacas
987 2327 1024 2369 ac
1052 2327 1093 2368 ne
1124 2305 1302 2389 dactylicus
1332 2305 1461 2389 quidem

313 2433 409 2477 voces
432 2411 619 2495 repudiasse
642 2432 679 2475 eo
704 2410 834 2476 brevius
858 2411 1058 2495 adnotemus,
1081 2433 1145 2497 quo
1169 2411 1274 2499 magis
1299 2413 1336 2478 de
1355 2412 1406 2478 his
1426 2412 1460 2476 in

316 2519 431 2604 vulgus
456 2521 593 2584 constat.
639 2518 748 2603 Atque
777 2517 1074 2602 spondiacarum
1103 2519 1461 2604 anapaesticarnm·

314 2649 384 2712 que
407 2647 486 2690 usus
509 2647 581 2689 cum
606 2629 639 2689 et
662 2625 874 2690 creberrimus
899 2626 943 2690 sit
965 2647 1024 2690 nec
1046 2625 1143 2690 ullius
1167 2626 1367 2692 condicionis
1391 2626 1459 2691 viu·

314 2734 396 2798 culis
427 2733 579 2798 astrictus
608 2729 751 2818 (quando
781 2732 821 2797 ad
851 2733 1026 2798 secundum
1050 2732 1158 2817 potius
1181 2733 1295 2817 pedem
1319 2733 1462 2818 pertinet

312 2841 412 2924 quam
441 2839 535 2904 modo
564 2837 785 2903 condicionem
813 2837 1065 2926 tractabamus):
1098 2845 1207 2904 tamen
1239 2861 1300 2904 nec
1329 2839 1459 2906 iambici

314 2947 404 3033 pedis
436 2968 496 3010 nec
525 2945 736 3010 iambicarum
767 2945 955 3010 vocularum
985 2946 1026 3009 ab
1057 2946 1152 3011 initio
1186 2947 1388 3013 senariorum
1422 2967 1460 3012 ea

314 3052 462 3138 paucitas
490 3056 558 3136 est‚·
583 3056 632 3134 ut,
660 3051 737 3135 quia
764 3049 904 3135 ‘primus
932 3073 990 3135 pes
1018 3051 1240 3117 trimetrorum
1267 3053 1393 3137 pondus
1422 3077 1460 3120 ac

314 3159 554 3226 multitudinem
588 3157 789 3242 syllabarum
820 3157 1008 3241 desideret',
1041 3181 1113 3224 cum
1142 3158 1332 3226 Hermanno
1360 3161 1460 3245 praef.

313 3267 401 3332 Trin.
425 3289 454 3350 p.
478 3283 539 3329 xvl
566 3263 783 3329 damnandum
812 3263 856 3328 sit
878 3287 990 3329 versus
1015 3266 1076 3330 761
1103 3265 1232 3331 initium
1256 3267 1336 3332 illud
1361 3267 1462 3332 Mitt

182 3405 299 3449 ccmv
314 3376 436 3458 quidem
467 3371 563 3436 tecle
594 3391 657 3435 rimo
688 3375 739 3436 cst.
791 3370 882 3446 Quod
915 3393 971 3435 cur
1004 3394 1080 3436 sane
1112 3372 1277 3439 ferendum
1309 3397 1374 3440 non
1407 3375 1461 3458 sit,

311 3481 432 3547 rectius
451 3479 597 3543 videmur
616 3502 646 3563 p.
666 3494 756 3543 chx
773 3477 865 3562 [412]
886 3477 1072 3562 explicasse.
1110 3477 1260 3546 Ceterum
1278 3502 1391 3548 rerum
1411 3488 1461 3548 est

312 3587 485 3654 coniuncta
499 3585 715 3669 spondeorum
730 3590 1045 3670 anapaestorumque
1057 3586 1199 3671 itemque
1213 3589 1458 3672 spondiacorum

313 3693 657 3779 anapaesticorumque
672 3692 903 3759 vocabulorum
923 3693 1106 3778 frequentia
1122 3694 1219 3780 longe
1236 3695 1362 3761 rariora
1379 3695 1458 3760 iam-

314 3803 428 3866 borum
452 3799 727 3885 iambicorumque
751 3801 784 3866 in
807 3800 914 3884 primo
937 3800 1016 3884 pede
1040 3802 1189 3885 exempla
1212 3823 1291 3885 csse,
1314 3824 1374 3867 nec
1391 3802 1459 3866 fere

313 3887 534 3993 frequentiora
553 3929 650 3991 quam
669 3908 702 3972 in
722 3907 836 3992 quinto
850 3907 931 3992 pede
945 3908 1093 3972 trimetri.
1127 3907 1332 3992 Dactylioa
1351 3913 1459 3974 autem

312 4015 470 4081 vocabula
497 4019 535 4079 ut
561 4037 635 4079 rara
663 4013 710 4079 ita
738 4017 827 4079 certa
854 4018 930 4078 sunt
956 4014 1008 4079 his
1037 4015 1193 4099 exemplis
1221 4015 1308 4079 Trin.
1331 4015 1384 4080 54.
1409 4015 1460 4080 75.

317 4124 388 4187 186.
412 4123 485 4188 205.
509 4123 583 4188 396.
607 4119 724 4187 Bacch.
747 4122 821 4187 542.
845 4122 919 4186 556.
944 4121 1017 4186 744.
1042 4123 1120 4187 811:

401 4243 561 4310 Omnibus
585 4245 698 4310 amicis
758 4295 1299 4313 ...........

400 4350 548 4428 Haecine,
565 4355 699 4437 propter
723 4375 774 4416 res
811 4401 1191 4420 ........
1200 4437 1208 4446 -
1238 4403 1245 4418 .
1292 4404 1298 4417 .

315 4477 354 4484 —
367 4479 451 4484 --...-..
466 4479 524 4484 —...-

403 4525 428 4593 *)
450 4525 503 4596 [Ol.
523 4529 618 4581 annot.
637 4527 672 4582 ad
691 4527 766 4582 hunc
784 4529 915 4599 versum]
