3338 5072
307 378 372 442 314
596 393 858 442 uaoanoonsua
883 393 930 438 nn
953 391 1166 438 sarroursvs

307 539 514 602 miscuerunt.
551 537 677 620 tluippe
695 536 729 600 in
753 535 871 620 quibus
894 534 1059 620 ingenium
1082 538 1116 599 et
1139 556 1284 617 acumen,
1308 555 1360 598 ars
1383 555 1450 598 non

306 645 369 710 fuit
401 648 434 710 et
465 642 645 727 disciplina.
691 641 889 725 Praecipuae
921 645 1029 706 autern
1063 640 1108 706 eis
1141 639 1248 706 fraudi
1280 640 1450 706 metricum

306 773 406 838 genus
431 773 525 817 omne
548 750 625 816 fuit:
652 750 742 814 cuius
771 749 832 814 etsi
860 747 1054 814 laudandum
1082 751 1133 812 est
1160 746 1244 831 quod
1269 769 1344 812 raro
1367 747 1451 813 inter

306 859 434 924 criticos
458 857 626 923 Plautinos
657 856 805 940 exemplo
834 855 966 920 omnino
989 855 1149 920 rationem
1173 875 1243 918 esse
1268 853 1451 920 habendam

306 965 548 1044 intellexerunt,
575 962 734 1050 quaedam
763 966 885 1046 autem,
912 963 946 1026 in
975 961 1109 1027 senariis
1132 960 1353 1045 potissimum,
1380 983 1450 1046 per·

306 1073 481 1156 spexerunt
506 1069 700 1152 rectissime,
732 1072 843 1134 tamen
874 1067 970 1134 modo
998 1067 1032 1132 in
1060 1065 1264 1133 concedendo
1292 1066 1388 1133 modo
1418 1068 1451 1132 in

306 1175 519 1262 improbando
544 1175 635 1242 nimii
657 1175 812 1259 falsisque
832 1173 1025 1261 quibusdam
1044 1173 1252 1258 opinionibus
1271 1173 1451 1259 praepediti

306 1306 402 1370 saepe
432 1305 543 1349 eorum
573 1284 717 1367 ipsorum
747 1303 913 1366 versuum,
944 1302 1080 1366 quorum
1108 1280 1335 1346 reconcinnarc
1363 1302 1450 1346 men·

306 1414 415 1456 suram
439 1391 574 1475 vellent,
603 1412 754 1456 numeros
778 1388 996 1454 miserrimum
1019 1388 1052 1452 in
1076 1387 1207 1452 modum
1231 1393 1452 1473 corruperunt,

306 1520 344 1564 ac
362 1520 428 1564 non
447 1498 584 1562 multum
604 1496 688 1562 afuit
707 1495 785 1581 quin
804 1495 956 1560 Plautum
975 1517 1013 1558 ex
1028 1493 1145 1561 Plauto
1166 1495 1370 1578 expellerent
1402 1495 1451 1559 De

306 1605 434 1690 Guyeto
452 1605 643 1672 documento
662 1625 731 1668 esse
746 1602 874 1668 cantica
888 1601 1069 1668 Trinummi
1086 1604 1233 1685 possunt,
1251 1621 1384 1684 prorsus
1402 1602 1450 1666 in-

305 1711 450 1779 credibili
464 1710 597 1776 libidine
612 1711 653 1775 ab
668 1709 725 1775 illo
741 1709 930 1774 dilacerata:
949 1709 989 1774 de
1004 1707 1115 1774 Bothii
1129 1708 1250 1792 triplici
1266 1730 1343 1774 cura
1357 1708 1450 1774 Plau·

305 1820 374 1884 tina
398 1818 587 1902 explicatius
603 1817 676 1909 ,iem
700 1818 779 1882 olim
802 1815 941 1881 iudicavi
960 1816 979 1880 l.
999 1837 1024 1881 s.
1044 1837 1068 1879 s.
1087 1838 1118 1899 p.
1137 1815 1201 1880 566
1222 1817 1279 1896 [==
1292 1814 1368 1895 1571
1381 1837 1450 1901 sqq.

306 1927 478 1991 Praeterea
496 1923 583 1990 aliud
608 1927 658 1989 est
681 1945 792 2010 genus,
815 1923 849 1987 in
868 1944 931 2007 quo
954 1921 1149 1987 temeritatis
1172 1925 1338 2006 tamquam
1362 1923 1449 2007 prin·

236 2059 291 2098 cvr
306 2033 449 2118 cipetum
469 2032 615 2117 Guyetus
634 2030 697 2096 sibi
720 2033 850 2115 praeter
870 2028 1025 2094 Bothium
1048 2026 1199 2094 vindicat.
1233 2028 1447 2105 Quantumvis

305 2140 392 2206 enim
421 2140 656 2224 glossematum
684 2137 717 2202 in
745 2132 897 2201 Plautina
924 2136 1025 2201 verba
1051 2135 1219 2219 irrepsisse
1248 2140 1370 2201 certum
1398 2136 1450 2220 sit,

305 2251 416 2312 tamen
439 2267 572 2330 prorsus
596 2244 651 2310 ille
674 2242 807 2308 modum
829 2241 969 2308 excessit
990 2241 1201 2308 multitudine
1224 2264 1374 2307 versuum
1392 2247 1450 2308 ant

305 2353 373 2418 sine
404 2352 472 2417 ulla
500 2357 557 2417 aut
586 2349 752 2416 levissima
781 2348 821 2414 de
849 2371 964 2414 caussa
992 2371 1011 2414 a
1038 2347 1157 2413 Plauto
1185 2349 1449 2415 abiudicatorum.

306 2459 456 2536 Qualium
487 2459 520 2524 in
550 2481 615 2524 una
644 2457 834 2523 Trinummo
867 2455 1019 2522 demirari
1051 2456 1137 2520 hunc
1164 2477 1333 2522 numerum
1362 2457 1449 2522 licet:

307 2588 334 2631 r.
358 2567 409 2631 85.
433 2567 507 2631 220.
531 2565 605 2630 304.
629 2564 703 2629 397.
726 2563 801 2628 495.
824 2562 900 2628 496.
924 2563 998 2628 507.
1023 2562 1089 2627 675
1112 2561 1152 2626 ad
1176 2563 1250 2628 677.
1274 2563 1347 2628 679.
1377 2564 1450 2629 707.

307 2675 378 2739 708.
408 2673 482 2738 766.
512 2672 584 2737 767.
614 2671 686 2737 770.
715 2669 790 2735 818.
817 2669 891 2734 824.
919 2670 993 2735 828.
1021 2669 1087 2734 830
1114 2691 1135 2734 a
1162 2673 1293 2736 tractare
1320 2670 1449 2735 11831.

305 2781 379 2846 890.
407 2779 481 2844 957.
510 2779 586 2843 907.
616 2778 700 2843 1046
730 2777 770 2841 ad
802 2777 895 2842 1049.
927 2776 1019 2841 1054.
1051 2778 1144 2842 1087.
1176 2777 1260 2842 1110
1289 2777 1329 2840 ad
1358 2777 1450 2841 1114.
1549 2791 1552 2796 ·

307 2887 392 2953 1115
415 2887 455 2951 ad
478 2885 571 2951 1119.
609 2884 735 2968 Quippe
754 2883 947 2967 ubicumque
965 2883 999 2948 in
1023 2883 1160 2967 singulis
1184 2883 1291 2949 verbis
1315 2883 1451 2949 offende-

304 2998 370 3077 ret,
402 2993 487 3078 quod
520 2991 630 3074 aliqua
661 2989 852 3055 difficultate
885 2990 936 3055 vel
971 2990 1166 3056 obscuritate
1199 2991 1353 3056 laborans
1385 3013 1450 3056 non

305 3102 416 3185 posset
439 3104 509 3164 arte
533 3101 566 3162 et
587 3097 715 3162 ratione
734 3095 892 3181 expedire,
915 3096 948 3160 id
967 3097 1167 3162 tutissimum
1185 3101 1275 3164 ratus
1295 3121 1358 3164 une
1377 3119 1450 3164 cum

304 3206 392 3271 sanis
424 3210 457 3270 et
488 3203 593 3289 planis
626 3201 780 3268 radicitus
812 3203 984 3286 exstirpari
1017 3203 1134 3270 similis
1167 3205 1283 3271 medici
1315 3205 1450 3283 exstitit,

305 3313 361 3396 qui
383 3315 420 3376 ut
444 3311 590 3376 dentium
614 3309 871 3394 aegrotationem
895 3309 1001 3392 tollat,
1023 3312 1131 3374 totum
1155 3316 1252 3396 caput
1274 3311 1447 3396 praecidat

304 3419 454 3486 Ceterum
483 3416 604 3501 Guyeti
631 3416 775 3482 recensio
805 3415 914 3481 iuncta
941 3419 991 3480 est
1017 3415 1280 3501 interpretationi
1312 3416 1450 3502 gallicae

304 3525 470 3590 Michaelis
502 3525 542 3589 de
568 3522 723 3590 Marolles
755 3523 884 3589 abbatis
913 3524 952 3589 de
980 3521 1148 3606 Villeloin,
1180 3545 1261 3609 quoe
1294 3527 1450 3609 quattuor

305 3631 522 3697 voluminibus
542 3630 661 3714 prodiit
679 3629 812 3696 Parisiis
831 3653 859 3696 a.
878 3646 1090 3698 clorocnvnr.
1127 3629 1272 3716 Denique
1295 3636 1371 3714 post
1387 3631 1449 3698 Bo-

305 3738 409 3804 thium
430 3759 511 3822 quae
535 3735 648 3801 edendi
666 3737 775 3802 Plauti
794 3737 1014 3821 experimenta
1031 3737 1101 3802 fieri
1119 3735 1267 3819 vidimus,
1291 3741 1348 3802 eut
1365 3735 1448 3802 nihil

304 3848 360 3910 aut
392 3866 508 3928 parum
538 3843 589 3908 vel
620 3848 734 3928 poetae
768 3844 819 3909 vel
850 3842 970 3910 litteris
999 3843 1121 3910 nostris
1153 3843 1353 3928 profuerunt.
1397 3841 1447 3908 Ex

304 3951 483 4016 Hermanni
501 3949 676 4036 Bothiique
695 3952 842 4035 exemplo
862 3949 1030 4017 Goellerus
1048 3973 1149 4036 prope
1172 3955 1262 4018 totus
1286 3950 1449 4035 pependit.

304 4058 353 4124 De
367 4058 587 4125 Lindemanno
602 4063 712 4124 autem
730 4058 834 4124 lenius
855 4057 1026 4143 iudicandi,
1049 4080 1146 4143 quam
1164 4059 1243 4124 olim
1258 4057 1396 4123 iudicavi
1415 4058 1449 4122 in

304 4164 426 4230 Diariis
450 4165 515 4230 litt.
537 4164 733 4232 Halensibus
752 4188 779 4230 a.
799 4183 1067 4233 croroccoxxxrv
1087 4188 1128 4230 m.
1147 4165 1231 4250 Aug.
1254 4187 1284 4248 p.
1299 4164 1449 4249 529sqq,

304 4293 433 4335 causam
453 4293 520 4337 non
539 4270 695 4358 inveni.*)
731 4269 806 4336 Non
825 4292 898 4336 mea
916 4273 1011 4356 culpa
1030 4271 1151 4337 lactum
1174 4275 1233 4354 est,
1256 4271 1342 4356 quod
1360 4270 1448 4334 illius

359 4415 519 4424 --—-—--

396 4497 421 4567 ⁸)
442 4499 531 4572 [Hace
553 4514 670 4554 censura
693 4516 756 4554 cnm
774 4514 826 4552 nec
849 4497 951 4554 iterata
968 4515 1019 4556 neo
1042 4499 1172 4556 iteranda
1189 4499 1273 4572 sitssiu
1291 4498 1449 4570 Opnsculie,
