3318 5072
318 387 384 451 520
604 403 863 451 raonscouars
887 405 934 451 nn
959 405 1172 453 asrrouravs

318 547 382 612 nisi
398 547 584 630 scrupulum
600 547 702 612 nimia
716 547 913 612 solutionum
929 548 1104 612 multitudo
1123 549 1158 612 in
1176 548 1351 615 bacchiaco
1369 571 1464 614 versu

318 653 439 718 iniciat.
485 651 571 717 Nam
600 676 681 738 quae
706 654 915 738 praecedunt,
944 653 1012 718 sive
1041 633 1187 720 dinietris
1216 655 1365 720 discribis
1396 657 1464 720 sire

317 762 509 827 tetrametro
533 759 793 845 comprehendis:

385 921 544 1005 Raptores
569 921 664 1006 panis
688 923 721 986 et
744 922 833 1006 peni:
857 923 896 988 lit
916 922 996 1007 ipse,
1018 922 1094 986 dum
1118 922 1184 987 illis
1209 923 1310 988 comis
1334 925 1396 1004 est,

175 1096 315 1137 ccxcvm
330 1081 469 1145 iambica
492 1085 600 1145 tamen
624 1083 816 1166 manebunt,
839 1082 902 1146 nisi
925 1083 1021 1167 longe
1045 1082 1290 1148 violentissimis
1313 1084 1466 1148 mutatio·

317 1188 414 1253 nibus
443 1193 548 1253 utare:
577 1190 725 1273 proxima
748 1193 870 1272 autern,
899 1192 936 1253 ut
960 1189 1080 1273 scripta
1103 1194 1180 1254 sunt
1203 1190 1237 1253 in
1260 1189 1352 1254 libris
1375 1190 1466 1272 ineps

317 1300 453 1372 arnowr,
482 1296 550 1359 sine
580 1295 715 1360 alicuius
744 1295 890 1380 syllabae
915 1296 1097 1361 accessione
1121 1295 1162 1360 sd
1185 1296 1348 1362 clausulae
1371 1301 1465 1361 natu-

318 1423 388 1467 ram
412 1402 544 1467 minime
567 1405 646 1486 apta
669 1404 793 1488 sunt.*)

408 1505 666 1574 Concinnitatem
697 1512 805 1573 autem
834 1509 924 1574 illam
948 1510 1024 1574 dum
1049 1514 1168 1594 sector,
1197 1532 1293 1593 quam
1317 1511 1466 1575 metrica-

318 1637 390 1679 rum
419 1636 492 1680 cum
515 1614 737 1700 grammaticis
767 1615 946 1700 logicisque
969 1615 1111 1700 periodis
1134 1617 1347 1702 congruentia
1370 1619 1466 1702 parit,

318 1721 442 1787 iactum
474 1725 524 1786 est
557 1727 593 1788 ut
625 1744 690 1787 non
719 1744 784 1786 uno
815 1723 849 1786 in
879 1722 950 1787 loco
981 1722 1124 1788 continui
1156 1745 1307 1788 versuum
1338 1722 1465 1796 ordines

319 1829 431 1893 eodem
462 1833 564 1894 metro
597 1829 833 1894 decurrentium
864 1833 1030 1914 tamquam
1060 1853 1120 1895 sua
1147 1834 1263 1915 sponte
1294 1830 1465 1896 subnasce-

319 1940 444 2002 rentur:
469 1935 554 2020 quod
574 1955 676 2018 genus
701 1935 945 2019 aequabilitatis
970 1942 1106 2020 apparet
1130 1939 1162 2001 et
1185 1939 1311 2021 gratiae
1335 1941 1368 2003 et
1390 1938 1465 2003 fidei

320 2044 496 2129 plurimum
522 2043 652 2109 habere.
697 2041 868 2107 Eiusmodi
896 2042 946 2107 illi
970 2044 1110 2108 suntab
1135 2044 1200 2108 244
1224 2044 1263 2108 ad
1286 2045 1362 2129 251,
1384 2067 1466 2130 quos

321 2153 354 2215 in
368 2150 549 2216 Elementis
565 2173 595 2234 p.
611 2151 676 2214 212
691 2149 776 2213 euris
796 2149 944 2214 secundis
965 2150 1035 2234 ipse
1049 2148 1256 2215 Hermannus
1276 2151 1316 2214 ad
1340 2152 1466 2237 elegan-

319 2257 482 2321 tissimam
505 2255 704 2340 parilitatem
731 2255 999 2320 accommodavit:
1026 2255 1201 2340 eodemque
1228 2259 1322 2323 metri
1340 2279 1467 2344 genere,

320 2365 407 2449 quod
431 2363 557 2428 creticis
581 2363 783 2427 tetrametris
808 2363 1005 2429 catalecticis
1029 2363 1226 2447 continetur,
1255 2386 1315 2451 ego
1343 2367 1377 2430 in
1404 2366 1467 2430 fine

321 2471 439 2555 prioris
463 2490 598 2534 scaenae
629 2468 738 2532 decem
767 2490 879 2532 versus
911 2469 1081 2534 continuos
1111 2469 1261 2555 discripsi
1294 2471 1401 2537 2266
1426 2471 1466 2535 ad

322 2575 453 2662 275**),
477 2580 549 2640 octo
573 2576 604 2638 in
630 2576 692 2640 fine
716 2575 906 2658 posterioria
930 2576 1037 2640 2293
1062 2577 1102 2640 ad
1126 2576 1276 2664 300.***)
1323 2578 1415 2654 Quod
1439 2579 1467 2643 21

322 2683 391 2750 fieri
414 2705 479 2747 non
502 2683 611 2767 potuit
634 2682 712 2766 quin
736 2681 862 2766 aliquot
884 2682 964 2748 locis
988 2684 1136 2748 voculam
1156 2685 1297 2770 aliquam
1316 2685 1466 2751 adderem

322 2794 359 2856 ut
382 2789 589 2855 librariorum
612 2789 737 2853 incuria
766 2789 935 2854 omissam:
963 2789 1177 2873 reputandum
1206 2795 1256 2855 est
1283 2793 1337 2856 vix
1366 2793 1468 2857 ullum

323 2897 374 2961 rel
404 2897 514 2982 potius
544 2896 668 2961 nullum
699 2895 859 2961 canticum
891 2918 961 2961 esse
992 2896 1077 2981 quod
1107 2919 1173 2962 non
1202 2897 1265 2962 hoc
1294 2899 1367 2982 ipso
1395 2901 1466 2964 vitii

219 3047 224 3056 ·
322 3026 438 3092 genere
469 3005 537 3068 sive
567 3004 710 3084 graviter
741 3004 807 3068 sire
837 3004 944 3068 minus
975 3005 1118 3088 graviter
1150 3006 1285 3070 laboret.
1330 3005 1368 3069 In
1398 3006 1467 3070 Tri-

322 3133 454 3175 nummo
479 3115 587 3175 autem
612 3109 753 3194 augebat
776 3109 914 3174 addendi
938 3111 1183 3194 confidentiam,
1210 3113 1295 3196 quod
1319 3135 1467 3178 caussam

322 3218 510 3282 lacunarum
543 3217 673 3282 illarum
706 3217 782 3281 licet
811 3239 828 3280 e
858 3218 1020 3282 communi
1052 3217 1143 3283 fonte
1164 3219 1223 3290 ‚ita
1254 3225 1399 3303 repetere
1431 3226 1469 3285 ut

323 3327 491 3407 tamqnam
521 3323 555 3387 in
584 3324 695 3388 oeulos
726 3324 879 3388 incurrat.
925 3324 994 3388 Neo
1025 3325 1110 3389 enim
1141 3347 1217 3390 casu
1246 3327 1368 3390 factum
1399 3349 1469 3393 esse

323 3433 445 3513 potest,
478 3428 576 3513 quod,
607 3429 634 3492 si
664 3451 776 3493 versus
807 3431 872 3494 293
888 3453 956 3516 sqq.
986 3430 1033 3495 sic
1063 3433 1290 3516 perscripseris
1321 3438 1357 3497 ut
1387 3433 1470 3498 alter

324 3535 458 3619 quisque
485 3557 596 3600 versus
625 3557 691 3600 non
715 3537 894 3602 subiciatur
923 3537 1023 3622 priori
1051 3537 1105 3602 sed
1133 3537 1224 3603 iuxta
1251 3544 1405 3624 ponatur,
1435 3541 1469 3604 in

325 3642 453 3706 easdem
482 3641 533 3704 vel
563 3642 655 3706 valde
683 3644 880 3728 propinquas
904 3645 1042 3730 paginae
1066 3650 1174 3729 partes
1198 3646 1333 3711 lacunae
1356 3667 1469 3711 ornnes

431 3887 456 3956 *)
480 3889 523 3959 [ln
547 3889 590 3944 ed.
613 3889 663 3943 alt.
688 3889 761 3944 hanc
785 3890 938 3945 clausulam
959 3889 1128 3946 Ritscbslius
1148 3891 1294 3947 constituit
1311 3892 1468 3962 proximum

325 3994 436 4034 versum
457 3994 514 4032 non
537 3976 709 4044 bacchiacis,
732 3993 829 4032 rerum
854 3977 1004 4032 trochaicis
1026 3979 1149 4033 numeris
1174 3981 1413 4049 comprehendens
1437 3983 1470 4038 ut

324 4085 351 4124 v.
370 4074 430 4122 222.
450 4072 511 4122 242.
530 4069 602 4136 res]

414 4156 455 4226 *')
474 4157 515 4226 [ln
540 4155 583 4212 ed.
608 4155 656 4210 alt
681 4155 866 4210 Ambrosiano
889 4154 1066 4225 potissimum
1089 4155 1159 4212 duce
1186 4159 1276 4229 magis
1304 4159 1389 4215 etiam
1416 4160 1470 4216 im-

297 4259 299 4266 ’
325 4245 416 4300 mistis
440 4244 617 4315 glossematis
645 4245 695 4299 bos
721 4261 817 4299 sersus
842 4244 1009 4314 depravatos
1036 4263 1097 4302 esse
1122 4246 1290 4318 intellegens
1316 4248 1398 4302 aliter
1421 4265 1470 4304 eoa

326 4334 495 4389 Ritschelius
514 4332 679 4401 coustituit]

397 4421 455 4490 m)
479 4421 521 4491 [ln
545 4423 589 4476 ed.
608 4422 658 4476 alt.
678 4438 728 4490 per
750 4422 823 4476 banc
846 4439 957 4492 quoque
980 4426 1089 4494 partem
1107 4425 1285 4494 glossematis
1304 4427 1470 4495 quibusdam

329 4508 452 4578 expulsis
470 4509 553 4564 aliter
571 4512 695 4579 systema
713 4508 916 4565 restituendum
934 4529 993 4567 esse
1013 4511 1185 4567 Ritscbelius
1202 4512 1362 4584 intellexit]
