3338 5072
533 415 801 465 auuuurrrorus
825 415 1034 465 rnnvrrsra.
1292 399 1356 464 287

215 558 373 644 quissimo
387 557 527 644 Vergilii
547 560 648 626 codici
661 559 832 646 Vaticano,
854 561 964 644 paullo
988 559 1203 644 antiquiorem
1222 561 1260 623 ut
1277 563 1357 643 puto

214 666 330 730 ceteris
353 665 409 751 qui
433 669 564 732 exstant
583 668 695 732 latinis
714 668 807 732 libris
826 666 1071 752 antiquissimis,
1095 665 1192 732 etiam
1208 665 1359 730 Bembini

215 771 323 838 codice
346 772 499 838 Terentii.
544 772 710 840 Posterior
738 775 911 858 scriptura,
943 795 1008 859 qua
1034 773 1128 839 valde
1156 772 1228 838 rudi
1256 776 1289 838 et
1311 772 1359 836 in-

216 877 347 944 condita
360 878 490 944 Veteris
506 880 706 946 Testamenti
730 879 860 965 quidam
883 880 958 946 libri
982 881 1105 946 exemti
1130 883 1215 964 sunt,
1237 878 1358 944 saeculi

217 982 315 1048 VIIII
347 988 406 1050 est.
466 983 619 1072 Singulae
652 986 859 1054 membranae
892 1011 972 1074 quas
1005 1009 1142 1074 quarum
1174 985 1358 1051 fabularum

213 1092 323 1173 partes
350 1096 496 1176 teneant,
528 1093 562 1158 in
591 1094 792 1180 singularum
819 1094 1003 1160 fabularum
1031 1093 1292 1179 praefationibus
1314 1091 1357 1155 di-

214 1217 301 1282 cam,
332 1197 367 1262 in
394 1199 458 1264 fine
486 1202 594 1265 autem
623 1202 730 1284 operis
758 1224 823 1268 uuo
847 1203 880 1267 iu
904 1205 1078 1289 conspectu
1101 1201 1281 1268 collocabo:
1318 1200 1358 1264 ad

215 1303 440 1372 Trinummum
464 1306 544 1373 haec
567 1311 719 1392 spectant
741 1330 823 1393 quae
846 1309 931 1376 infra
954 1310 1057 1395 posui.

302 1411 435 1498 Integer
458 1414 557 1479 codex
581 1414 751 1480 Plautinus
775 1437 848 1482 cum
872 1419 1064 1482 octonarum
1088 1415 1360 1499 membranarum,

215 1518 266 1583 vel
303 1520 412 1603 potius
451 1525 682 1606 quaternorum
718 1524 981 1589 membranarum
1017 1523 1160 1609 parium,
1197 1521 1359 1588 fasciculis

214 1627 412 1710 compositus
435 1628 548 1714 fuerit,
576 1652 656 1716 quos
684 1630 781 1695 hodie
804 1632 1033 1716 quaterniones
1056 1651 1172 1697 vocare
1196 1627 1360 1694 consuevi·

215 1753 301 1796 mus:
333 1733 416 1800 tales
444 1735 616 1800 fasciculos
644 1737 772 1822 integra
800 1736 912 1804 fabula
942 1737 1127 1822 complebat
1149 1739 1304 1822 quattuor
1327 1741 1360 1798 et

217 1839 400 1926 dimidium,
435 1838 487 1906 hia
521 1864 575 1908 eoa
607 1843 749 1908 numeris
781 1843 815 1908 in
848 1843 1035 1909 ultimarum
1066 1845 1259 1930 paginarum
1292 1841 1358 1907 imo

216 1946 362 2032 margine
391 1947 550 2032 signatos:
583 1948 651 2034 LV,
678 1947 766 2035 LVI,
794 1947 930 2036 (LVII,)
958 1949 1079 2036 LVIII,
1107 1945 1268 2034 (LVIIII).
1314 1946 1359 2012 Hi

214 2052 359 2118 fasciculi
383 2075 463 2139 quaa
487 2054 565 2120 olim
589 2054 801 2121 continebant
817 2054 998 2120 Trinummi
1021 2055 1225 2120 membranas
1248 2076 1303 2118 sex
1327 2055 1361 2117 et

212 2160 366 2246 triginta,
399 2181 510 2225 earum
536 2160 632 2226 hodie
660 2163 788 2226 tantum
816 2161 1039 2248 duodeviginti
1063 2161 1251 2246 superstites
1276 2164 1360 2244 sunt,

214 2265 281 2330 sive
309 2287 425 2332 novem
454 2266 714 2332 membranarum
743 2269 1008 2352 complicatorum
1035 2268 1143 2355 paria:
1179 2291 1254 2334 uam
1282 2290 1359 2334 casu

212 2373 335 2440 factum
358 2378 410 2439 est
431 2378 469 2439 ut
491 2375 625 2440 duorum
650 2375 777 2460 parium
801 2397 958 2462 compage
977 2377 1085 2443 soluta
1103 2398 1188 2442 nuno
1208 2379 1361 2462 quattuor

214 2482 421 2546 membranae
445 2481 629 2566 singulares
653 2485 794 2547 exstent:
822 2504 905 2568 quae
929 2486 1006 2548 sunt
1028 2481 1174 2548 fasciculi
1198 2481 1273 2548 LVI
1296 2487 1359 2548 ter-

212 2588 261 2652 tia
284 2591 317 2652 et
340 2589 433 2651 sexta
455 2588 597 2673 itemque
620 2588 717 2653 tertia
740 2592 773 2653 et
791 2592 883 2654 sexta
901 2589 1102 2677 insequentis
1122 2590 1275 2656 fasciculi.
1307 2589 1359 2654 ln-

214 2699 308 2780 teger
330 2698 438 2759 autem
461 2715 544 2759 unua
568 2697 696 2760 tautum
719 2694 894 2761 fasciculus
914 2702 1070 2782 superest,
1094 2697 1149 2783 qui
1168 2701 1219 2762 est
1237 2718 1276 2763 er
1294 2696 1359 2763 illis

217 2803 311 2867 alter:
344 2801 542 2886 reliquorum
566 2799 643 2885 quid
667 2804 700 2864 et
722 2805 879 2886 quantum
904 2806 1066 2868 servatum
1091 2805 1147 2887 sit,
1170 2804 1359 2888 planissime

215 2931 254 2975 ax
276 2907 339 2973 hac
363 2929 459 2992 quam
484 2907 607 2972 subieci
628 2907 743 2972 tabula
766 2912 911 2994 apparet,
933 2909 967 2974 in
990 2931 1055 2994 qua
1077 2909 1196 2975 litteris
1215 2909 1358 2994 deperdi·
1378 2938 1414 2978 rx

214 3019 283 3099 tas,
316 3017 460 3078 servatas
490 3017 597 3078 autem
621 3013 827 3078 membranas
851 3015 897 3080 eis
920 3016 1063 3082 numeria
1085 3017 1212 3102 notavi,
1243 3017 1359 3102 quibus

213 3121 406 3206 paginarum
430 3119 575 3186 ordinem
598 3121 790 3205 posterioris
815 3121 993 3206 scripturae
1011 3122 1129 3208 Angeli
1153 3123 1220 3190 Mai
1243 3146 1358 3189 manus

214 3224 462 3312 significavit.*)

356 3399 526 3473 Paginarum
545 3401 613 3458 ordo
720 3403 845 3460 Fabulae
864 3407 958 3476 partae
1103 3403 1213 3462 Codicis
1232 3405 1360 3462 fasciculi

452 3511 503 3576 35.
528 3511 571 3576 36
595 3543 637 3566 =
707 3514 814 3577 1-19
839 3517 871 3579 et
894 3515 1026 3581 20-22

454 3618 503 3683 19.
527 3618 570 3683 20
594 3649 636 3672 ==
682 3620 813 3686 23-38
837 3625 871 3685 et
894 3621 1024 3688 39-57

414 3780 416 3788 .
450 3725 503 3791 37.
526 3726 568 3791 38
592 3757 634 3780 =
681 3726 813 3820 taff-‘16
837 3731 870 3791 ct
894 3727 1025 3793 ‘ll—95

448 3829 488 3897 Α·
511 3853 539 3896 ²·
1170 3889 1228 3954 av

447 3935 568 4109 rr.
593 4075 634 4098 .
660 4043 836 4111 aaa
860 4051 893 4111 ..
917 4048 1092 4114 191-209

448 4150 501 4216 29.
525 4151 569 4216 30
593 4181 635 4204 =
659 4152 835 4218 210-226
859 4156 892 4217 et
915 4155 1092 4219 art-244

448 4257 501 4322 45.
524 4257 567 4322 46
593 4287 634 4310 =
659 4257 835 4325 244-264
859 4263 893 4323 et
915 4261 1092 4326 264-282

213 4383 426 4393 *unu-—

302 4433 329 4502 ⁸)
354 4433 444 4505 [Haeo
470 4431 571 4488 tabula
597 4433 719 4504 repetita
744 4435 788 4488 est
810 4435 840 4488 in
865 4432 1039 4506 praefatione
1064 4433 1179 4492 alteriue
1203 4437 1359 4496 'Iriuummi

213 4521 347 4580 editionis
365 4540 393 4594 p.
414 4521 479 4577 Xlll
492 4521 548 4594 sq]
