3318 5072
537 445 801 494 sussurrrorus
825 445 1035 494 universis.
1298 427 1362 492 509

218 594 333 675 suapte
356 597 473 656 natura
497 590 653 675 ambigua
672 593 762 656 sunt:
785 591 874 655 velut
893 591 1007 657 eodem
1027 590 1096 657 iure
1115 613 1188 654 cum
1209 588 1363 653 subiectis

220 699 327 764 verbis
352 702 449 783 atque
472 719 545 763 cum
568 697 756 782 praemissis
780 703 823 762 cal
846 701 879 762 et
900 698 951 762 uec
970 698 1100 763 voculas
1122 695 1261 760 sociabis
1275 695 1363 760 Trin.

218 829 246 871 ι.
273 806 322 872 18.
349 807 431 870 744:

306 947 392 1014 Huic
416 950 531 1034 graece
554 970 673 1014 nomen
696 950 747 1015 est
770 948 960 1013 Thensauro
984 947 1122 1012 fribulae.

307 1054 402 1121 Nunc
425 1056 454 1120 si
478 1056 618 1140 opperiri
644 1054 693 1120 uis
717 1057 891 1122 aduentum
915 1053 1109 1120 Charmidis.

219 1198 268 1263 Ad
292 1197 434 1284 aliquam
460 1197 746 1282 semiseptenariae
770 1197 1016 1263 similitudinem
1040 1196 1211 1262 verborum
1236 1195 1364 1260 ordines

220 1305 391 1388 accedunt,
424 1305 480 1369 ubi
513 1306 772 1389 monosyllabam
808 1327 918 1370 vocem
952 1304 1015 1369 alia
1048 1325 1107 1368 vox
1138 1303 1364 1388 monosyllaba

220 1411 353 1496 excipit,
376 1417 412 1476 ut
435 1435 463 1477 v.
489 1412 561 1477 117.
588 1413 663 1477 144:

310 1554 373 1631 Qui
396 1549 475 1621 tries
499 1555 670 1620 mandatus
694 1555 744 1617 e'st
768 1553 829 1618 lide
853 1557 886 1618 et
909 1554 1061 1620 liddciae:

310 1661 355 1728 Vt
379 1663 459 1728 mssri
481 1683 612 1728 necesse
635 1658 679 1726 sit
702 1661 767 1726 iam
790 1661 823 1726 id
846 1661 909 1727 tibi
932 1663 1136 1728 concredere:
1364 1683 1509 1725 ccnxxxr

222 1827 286 1890 quo
310 1805 423 1870 referri
448 1806 546 1870 ctiam
570 1827 598 1870 v.
622 1805 685 1871 471
712 1809 833 1890 potest:

311 1947 346 2013 Si
370 1945 422 2013 illi
443 1951 617 2033 congestae
641 1945 708 2013 sint
732 1948 846 2032 epulae
870 1971 889 2012 a
913 1948 1104 2014 cluentibus.

224 2091 286 2156 Sed
319 2090 500 2156 inevitabili
538 2088 793 2156 constructionis
827 2090 1021 2154 necessitate
1058 2111 1130 2154 oum
1168 2091 1366 2176 praegressis

225 2199 448 2284 monosyllaba
480 2197 639 2262 vocabula
671 2197 779 2262 vincta
811 2200 888 2280 sunt
920 2219 947 2260 ι.
981 2197 1033 2261 56.
1070 2197 1143 2261 393.
1181 2197 1255 2260 417.
1292 2198 1366 2262 470.

226 2304 298 2368 733.
323 2304 401 2368 734:

314 2408 407 2475 Viuit
430 2411 619 2495 uictura-que
642 2411 700 2478 e'st.
737 2410 826 2476 Bene
850 2410 957 2475 hercle
980 2410 1123 2475 nuntias.

313 2515 435 2582 Verum
459 2517 594 2582 meliora
617 2521 694 2582 erint
718 2539 816 2602 quam
838 2539 921 2602 quae
945 2516 1141 2582 deterruma.

314 2621 491 2706 Postquam
515 2624 653 2689 comedit
675 2627 757 2708 rem,
780 2627 856 2708 post
878 2623 1036 2689 rationem
1060 2627 1164 2708 putat.

313 2730 474 2816 Adpdsita
496 2753 576 2797 cena
599 2729 656 2816 sit,
680 2731 871 2816 popularem
894 2733 992 2816 quem
1015 2735 1142 2796 uocant.

314 2835 389 2902 Sine
412 2837 503 2922 ddte,
526 2859 624 2922 quom
648 2838 717 2902 eius
740 2839 808 2902 rem
833 2860 932 2922 penas
955 2861 1006 2903 me
1029 2839 1168 2904 haberim
1192 2837 1289 2903 domi.

316 2944 436 3011 Parata
459 2945 517 3010 dos
542 2945 628 3010 domi
653 2947 715 3012 est:
738 2945 801 3010 nisi
825 2947 1012 3030 exspectare
1035 2945 1095 3012 uie.

227 3086 320 3152 Addo
345 3086 461 3152 Bacch.
485 3089 559 3153 841.
585 3088 669 3154 1006
695 3089 783 3168 [880.
810 3089 926 3168 1045]:

316 3227 411 3294 Saliis
435 3230 574 3294 seruasti
597 3233 655 3293 me.
694 3253 790 3314 quam
815 3253 890 3296 mox
914 3231 986 3296 died
1010 3231 1117 3297 dabo?

317 3333 349 3400 Si
374 3335 447 3421 plus
472 3337 672 3420 perdundum
697 3336 753 3422 sit,
778 3338 899 3422 perisse
924 3339 1080 3404 suauiust.

228 3477 321 3542 Hanc
351 3479 451 3562 igitur
481 3477 548 3544 aive
581 3483 709 3563 gratam
740 3481 807 3544 sive
837 3481 943 3546 minus
974 3486 1103 3564 gratam
1131 3481 1370 3566 neglegentiam

228 3583 397 3650 fatendum
425 3588 475 3650 est
503 3586 643 3670 speciem
670 3586 779 3670 potius
808 3586 970 3670 quandam
997 3587 1134 3652 rationis
1159 3609 1254 3672 quam
1284 3587 1372 3654 locu·

228 3693 348 3776 pletem
372 3692 530 3758 rationem
556 3693 661 3776 sequi:
684 3692 758 3778 plus
782 3692 867 3759 enim
891 3691 925 3758 in
948 3691 1000 3756 his
1024 3693 1223 3775 syllabarum
1247 3695 1373 3760 vocula·

228 3819 340 3865 rumve
364 3799 549 3866 articulatio
574 3799 676 3865 valuit
702 3799 883 3869 sentcntiae
907 3799 1035 3864 vinculo
1060 3801 1250 3885 soluturum,
1274 3823 1371 3886 quarn

229 3908 262 3971 in
295 3905 441 3971 subiecta
472 3907 534 3972 sibi
568 3907 667 3973 verba
699 3907 867 3972 dominans
900 3911 1047 3990 potestas
1080 3909 1269 3972 sententiae.
1324 3906 1372 3970 De

228 4035 292 4097 quo
319 4013 400 4078 satis
429 4018 514 4078 recte
542 4013 703 4078 Beckerus
731 4014 834 4079 sensit
860 4013 991 4090 Quaest
1019 4013 1057 4077 de
1085 4034 1165 4079 com.
1189 4011 1283 4078 Rom.
1306 4013 1372 4076 fab.

230 4142 261 4203 p.
291 4119 360 4186 105.
860 4125 864 4132 “

319 4223 400 4290 Oum
429 4247 580 4292 caesurae
608 4230 716 4291 autem
733 4226 925 4293 'rationibus
953 4224 1223 4311 quemadmodum
1246 4225 1279 4288 in
1304 4247 1374 4310 sep·

230 4332 364 4396 tenariis
392 4332 513 4416 dactyli
544 4332 577 4395 in
601 4335 717 4416 quarto
741 4333 835 4418 pede,
867 4335 914 4398 ita
943 4333 976 4396 iu
1005 4331 1141 4396 senariis
1169 4333 1372 4417 anapaesti

231 4438 264 4502 in
294 4439 418 4504 tertio
446 4460 523 4502 usus
552 4437 834 4504 coniunctissimus
863 4443 925 4521 est,
953 4437 993 4504 ad
1017 4459 1113 4522 quem
1136 4461 1220 4504 nunc
1244 4438 1373 4506 demum

229 4545 402 4610 revertitur
420 4545 532 4608 oratio.
561 4543 700 4608 Rursum
725 4549 833 4608 autem
856 4544 1124 4630 quemadmodum
1150 4567 1169 4610 a
1192 4547 1372 4631 septenarii
