3306 5070
463 413 759 462 carrucarrouau
783 414 856 460 uuo
880 401 1086 462 luunrcuas.
1284 395 1348 459 705

205 578 267 641 que
299 557 356 641 sit,
387 555 586 641 praefamur,
618 561 688 622 tum
717 557 845 622 eosdem
876 556 977 621 animi
1007 579 1120 622 sensus
1148 556 1204 641 qui
1235 559 1347 620 nostro

205 663 336 728 nomine
364 683 473 727 coram
500 665 676 746 testentur,
709 663 834 748 legatos
863 663 1063 728 academicos
1093 662 1135 727 ad
1163 661 1231 726 Vos
1259 661 1347 726 misi·

206 791 277 834 mus
300 769 325 833 I.
349 767 387 833 G.
410 769 445 833 L.
468 769 570 852 ipsius
598 769 819 834 universitatis
842 767 981 834 Vestrae
1011 769 1089 834 olim
1114 769 1292 852 alumnum,
1316 771 1349 832 et
1393 797 1398 805 ·

206 877 231 941 I.
254 874 290 940 B.
314 875 370 958 H.,
393 875 484 940 illum
508 875 728 959 historiarum,
751 876 838 942 hunc
861 875 1047 960 theologiae
1071 875 1250 942 catholicae
1272 875 1351 940 Pro-

205 983 362 1047 fessorem
382 982 418 1048 P.
434 981 486 1048 O.:
509 983 663 1067 aquibus
683 981 744 1047 hae
759 982 862 1048 Vobis
883 983 1011 1048 litterae
1031 1005 1103 1047 cum
1122 982 1350 1048 observantiae

206 1091 434 1156 testificatione
465 1094 501 1154 ut
531 1090 718 1156 confidimus
746 1091 978 1156 facundissima
1006 1090 1189 1155 reddentur.
1228 1082 1349 1154 'Valete

205 1199 365 1282 nobisque
388 1197 517 1263 favete'

293 1321 414 1385 Datum
438 1321 572 1386 Bonnae
595 1319 643 1386 VI
665 1319 742 1385 Idus
766 1320 923 1385 Octobres
947 1342 975 1384 a.
998 1337 1172 1386 nncccax.

673 1571 886 1580 -—--—

768 1767 796 1830 8.

208 1925 442 1992 Weihetafel
462 1948 535 1991 von
553 1925 619 1990 der
632 1923 1155 2011 Philologenrersammlung
1171 1926 1212 1991 in
1227 1924 1353 1991 Gotha

372 2033 457 2098 1840
480 2029 680 2096 Gottfried
701 2029 898 2096 Hermann
921 2032 1191 2118 tiberreieht*)

298 2191 334 2269 Q.
348 2191 385 2257 Β.
399 2189 433 2256 F.
449 2190 482 2256 F.
498 2189 535 2267 Q.
549 2188 579 2255 S.
594 2187 603 2276 {l
617 2189 698 2255 Viro
720 2191 898 2256 immortali
911 2189 920 2276 :l
935 2191 1117 2257 Godofredo
1141 2157 1328 2258 Hermanno
1343 2191 1352 2280 t

210 2301 395 2365 criticorum
424 2298 587 2364 communi
615 2301 648 2362 et
675 2297 881 2383 popularium
905 2300 938 2362 et
962 2302 1146 2363 exterorum
1163 2298 1175 2382 ss
1193 2300 1353 2364 sententia

211 2405 350 2490 principi
367 2405 378 2490 ll
395 2405 482 2490 quod
504 2405 687 2470 litterarum
712 2405 918 2489 antiquarum
938 2405 1023 2469 inter
1042 2403 1221 2470 Germanos
1245 2406 1353 2471 studia

211 2535 228 2576 e
243 2513 399 2596 languore
413 2510 607 2576 resuscitata
622 2510 791 2576 severioris
807 2511 887 2575 artis
901 2510 1038 2575 vinculis
1057 2511 1210 2577 astrinxit
1228 2517 1353 2596 erepto

211 2640 272 2702 que
297 2617 370 2682 aliis
395 2617 547 2702 gentibus
567 2616 767 2702 philologiae
786 2617 973 2701 principatu
992 2617 1025 2681 in
1045 2640 1230 2702 supremum
1250 2618 1353 2702 digni·

209 2725 288 2789 tatis
313 2724 418 2788 locum
444 2725 562 2789 evexitr
636 2725 722 2809 quod
754 2723 959 2809 antiquitatis
991 2731 1204 2792 monumenta
1236 2726 1354 2814 litteris
1394 2791 1395 2796 ,

212 2831 412 2914 consignata,
435 2851 498 2913 qua
521 2829 647 2896 ratione
667 2853 741 2895 cum
760 2831 799 2895 ad
819 2831 994 2915 pristinum
1012 2832 1154 2898 nitorem
1173 2833 1354 2899 revocanda

211 2941 281 3001 tum
309 2937 393 3002 iacto
421 2937 608 3004 firmissimo
637 2938 767 3002 criticae
796 2939 876 3004 artis
904 2939 1116 3006 fundamento
1146 2946 1232 3006 recte
1256 2942 1353 3006 inter·

211 3042 370 3127 pretanda
393 3048 511 3128 essent,
533 3049 567 3109 et
589 3045 754 3127 praeclare
778 3045 888 3111 docuit
910 3049 943 3110 et
962 3046 1229 3112 luculentissimis
1249 3070 1353 3114 exem·

211 3149 275 3235 plis
300 3150 581 3215 commonstravit:
659 3149 744 3236 quod
768 3153 1014 3236 grammaticam
1043 3157 1147 3219 artem
1177 3155 1217 3220 ah
1247 3176 1354 3219 rerum

213 3257 401 3344 cognitione
430 3256 469 3321 ad
499 3279 686 3322 caussarum
714 3257 955 3342 indagationem
978 3261 1161 3325 traductam
1185 3261 1354 3326 incredibi-

213 3366 290 3430 liter
313 3365 412 3449 auxit,
435 3363 578 3429 Graecae
603 3369 711 3429 autem
734 3364 880 3450 linguae,
904 3388 1001 3449 quam
1023 3367 1109 3432 haud
1133 3368 1296 3434 immerito
1320 3369 1378 3433 in'

213 3471 272 3537 illo
305 3471 461 3536 revixisse
494 3471 597 3555 dicas,
633 3475 826 3554 praeceptor
858 3473 959 3536 totius
993 3471 1185 3540 Germaniae
1222 3475 1355 3559 exstitit,

213 3599 313 3663 eoque
345 3577 501 3643 beneficio
534 3576 572 3641 de
603 3569 880 3664 promovenda**)
913 3599 949 3642 re
980 3579 1177 3646 scholastica
1205 3582 1355 3647 universa

215 3683 390 3770 insigniter
412 3686 547 3751 meritus
571 3687 632 3750 est:
691 3683 775 3769 quod
799 3706 875 3748 rara
902 3683 968 3749 oris
996 3684 1148 3751 facundia
1175 3688 1355 3774 elegantiae

214 3789 333 3854 latinae
357 3795 390 3855 et
412 3793 565 3876 antiquae
594 3791 815 3876 simplicitatis
840 3794 873 3856 et
895 3813 1023 3856 sensum
1047 3798 1081 3858 et
1103 3793 1246 3859 studium
1269 3795 1355 3860 miri·

214 3951 425 3961 —.-—.-...--—-

303 4053 328 4121 'l
348 4054 542 4126 [Abgedrucht
558 4056 587 4112 in
607 4056 660 4112 den
673 4056 910 4127 Verhandlungen
928 4055 978 4111 der
996 4054 1100 4111 dritten
1120 4055 1273 4114 deutschen
1291 4060 1355 4115 Phi·

214 4141 535 4215 lologenversammlung
564 4145 602 4214 (in
626 4145 719 4202 Gotha
743 4151 823 4216 1840)
850 4165 877 4218 p.
897 4153 943 4214 423
976 4145 1026 4201 der
1049 4161 1104 4200 von
1122 4145 1233 4202 ltitschl
1257 4165 1355 4220 vorge·

215 4228 291 4300 lsgta
309 4229 438 4286 Entwurl
454 4250 487 4286 au
506 4231 598 4286 dieser
615 4233 770 4288 Votirtalel
789 4251 847 4290 war
865 4233 1037 4306 einstimmig
1054 4250 1110 4290 ron
1129 4233 1179 4288 der
1196 4233 1355 4294 Versamm·

215 4317 284 4390 lung
302 4319 449 4391 approbirt
465 4320 587 4388 worden,
606 4337 627 4376 r.
646 4337 671 4376 a.
690 4337 714 4375 a.
735 4321 766 4377 0.
785 4339 813 4391 p.
833 4329 858 4380 6.
894 4323 923 4378 O.
942 4323 1000 4394 W.]

287 4422 327 4496 **)
347 4425 426 4499 [Dies
444 4427 529 4483 Wort
545 4425 618 4480 fehlt
634 4426 663 4481 in
682 4426 746 4481 dem
765 4428 897 4484 Abdruek
916 4446 976 4486 aa.
988 4429 1029 4500 O.,
1048 4430 1135 4486 findet
1152 4428 1213 4485 sich
1231 4429 1355 4486 abarim

215 4516 397 4587 Manuscript.
435 4515 464 4574 C.
482 4515 540 4586 W.]

268 4623 308 4660 ra.
324 4623 475 4659 arrscuncrr
494 4621 631 4660 orsaorsa
650 4623 674 4658 u.
1109 4613 1143 4660 45
