3332 5074
550 407 818 456 uuaunsuorus
841 407 1050 456 Pnsvrmhn.
1308 391 1373 458 389

316 525 524 635 ᾸιῖραρίΠειε
539 552 654 617 minis
669 550 761 634 ieret,
780 549 875 616 labra
888 551 907 615 si
921 549 1022 615 labris
1041 572 1201 634 nusquam
1220 549 1373 634 auferetr)

317 656 401 721 Trim
425 656 505 722 mihi
530 660 607 722 sunt
629 659 744 723 maniis
766 653 964 741 inquinatae.
997 654 1161 733 Quidum?
1193 657 1277 734 Quia
1296 657 1373 724 ludo

1048 764 1116 829 luto
1144 765 1206 828 -?

227 868 404 934 ethorum
430 869 537 954 primo
565 892 638 936 eum
665 869 881 955 pinguissimo
910 868 1040 953 quidem
1062 870 1373 955 proceleusmatico?

226 972 308 1039 Tam
332 979 442 1041 eutem
465 977 547 1042 mire
570 979 687 1042 nature
708 975 771 1043 hoo
793 977 901 1062 ipsum
925 973 975 1062 (ut
994 974 1028 1042 in
1047 998 1085 1042 eo
1103 977 1282 1063 paullisper
1300 977 1373 1043 suh

226 1081 356 1169 sistam)
376 1104 508 1149 monos
529 1105 648 1150 nomeu
668 1084 779 1168 fluisse,
801 1087 839 1148 ut
857 1082 1005 1148 ultimam
1024 1083 1199 1168 syllabam·
1214 1084 1282 1150 sive
1301 1107 1372 1150 eam

225 1188 354 1254 brevem
377 1189 444 1255 sive
461 1190 604 1276 longam,
624 1191 692 1256 sive
711 1189 904 1256 consonanti
923 1189 992 1254 sive
1006 1189 1085 1256 adeo
1100 1190 1205 1256 voceli
1219 1192 1372 1258 termine·

225 1299 303 1380 tanq
322 1317 440 1380 susque
460 1296 562 1382 deque
581 1296 696 1362 habita
713 1297 842 1362 ratione
862 1296 1024 1379 corripere
1038 1295 1172 1362 liceret?
1191 1297 1320 1381 quando
1339 1303 1373 1364 et

225 1422 354 1467 monum
381 1405 565 1488 correptum
593 1403 695 1468 habes
718 1401 835 1469 Bacch.
858 1401 884 1487 Ι,
910 1405 938 1487 1,
960 1403 1013 1467 54.
1040 1401 1155 1470 Pseud.
1179 1401 1239 1488 111,
1260 1405 1291 1488 2,
1316 1407 1372 1470 71:

314 1507 448 1574 Minium
470 1509 513 1574 da
536 1512 568 1575 et
591 1530 734 1594 sequere.
781 1509 834 1574 Ah
857 1506 1010 1574 minume.
1056 1508 1141 1586 Quid
1164 1509 1256 1576 ital.
1286 1563 1292 1576 .
1321 1561 1364 1578 ..

314 1613 446 1681 Manum
470 1614 502 1681 si
520 1616 684 1700 protollet,
706 1615 828 1701 ptriter
850 1615 995 1700 proferto
1019 1637 1167 1682 menum:

226 1725 259 1786 et
282 1721 351 1786 sine
375 1722 568 1788 consonanti
584 1721 771 1788 'ablativum
795 1721 882 1788 Trin.
905 1721 984 1787 288:

314 1826 403 1910 [Trhi
425 1827 474 1892 uti
499 1827 642 1911 caueasz]
667 1826 753 1912 quod
775 1829 875 1892 manis
897 1831 1088 1913 nequeunt.
1117 1879 1123 1892 .
1153 1879 1159 1894 .
1188 1878 1195 1893 .

223 1933 345 2020 Ecquis
374 1939 425 2000 est
455 1937 564 1999 autem
596 1955 730 2020 quaeso,
762 1954 858 2018 quem
888 1931 969 1998 haee
997 1954 1063 1998 uon
1092 1933 1227 2000 illorum
1257 1936 1371 2002 stetim

225 2041 516 2107 commonefaciant
539 2040 578 2105 de
602 2041 719 2126 quibus
743 2041 776 2104 in
795 2039 913 2126 vulgus
937 2043 1079 2105 constat:
1102 2040 1216 2107 boreos
1238 2041 1371 2108 heresem

224 2147 340 2213 motos
367 2149 459 2213 moli
489 2147 574 2213 beree
601 2147 693 2212 mole
719 2147 862 2212 deorum
888 2147 984 2212 domi
1010 2145 1133 2212 domo?
1181 2145 1269 2223 Quae
1296 2148 1370 2233 quis

221 2257 289 2318 tam
313 2275 414 2338 pravo
437 2253 554 2319 iudicio
579 2258 629 2318 est
652 2258 688 2318 ut
711 2253 868 2339 correptis
899 2251 1008 2337 potius
1038 2253 1162 2318 ultimis
1193 2253 1369 2342 syllabis*)

223 2381 320 2446 quem
341 2360 583 2445 pronuntiando
607 2359 695 2426 elisis
718 2359 834 2444 primis
859 2359 944 2425 diets
962 2380 1033 2425 esse
1052 2360 1248 2426 contendat?
1281 2361 1370 2428 Inter

222 2466 280 2532 illa
298 2471 406 2532 autem
426 2473 460 2534 et
477 2487 609 2533 monos
628 2468 774 2532 etenim
798 2469 831 2531 et
854 2471 975 2532 tomen
998 2469 1031 2532 et
1052 2487 1172 2533 senem
1189 2471 1228 2539 ‚et
1244 2467 1370 2554 simol,

223 2577 255 2638 et
283 2575 311 2640 si
340 2597 422 2660 quae
451 2574 502 2640 his
530 2577 607 2640 suut
635 2573 758 2657 affinia,
786 2571 863 2658 quid
890 2573 1021 2638 tandem
1048 2573 1245 2639 discriminis
1268 2574 1369 2640 inter-

222 2679 306 2745 cedit
335 2680 387 2744 vel
417 2679 493 2765 quid
524 2680 634 2764 potius
665 2679 918 2764 propinquitatis
950 2701 1013 2744 non
1045 2679 1240 2745 intercedit?
1281 2678 1367 2757 Quo·

221 2810 294 2852 rum
330 2809 444 2871 unum,
481 2793 615 2872 temen,
647 2786 710 2852 etsi
742 2785 913 2852 scribendo
946 2806 1073 2870 quoque
1104 2785 1139 2850 in
1171 2786 1482 2870 monosylla·cxn111

222 2895 298 2960 bam
326 2899 390 2959 tuor
416 2894 555 2959 formam
582 2892 784 2978 transiit**),
820 2893 852 2958 id
881 2891 966 2977 quod
998 2913 1064 2956 non
1095 2890 1218 2956 factum
1250 2896 1300 2957 est
1335 2893 1368 2956 in

313 3085 339 3154 *)
359 3085 411 3157 [Cf.
432 3103 460 3155 p.
478 3089 532 3142 409
551 3086 663 3156 annot]

294 3173 336 3244 **)
357 3174 533 3241 Quamquam
548 3172 578 3228 in
590 3172 728 3228 Plautinis
742 3172 830 3242 libris,
849 3171 924 3241 quod
942 3171 1038 3240 sciam,
1056 3173 1168 3242 praeter
1182 3169 1367 3242 compositum

222 3263 358 3318 tametsi
379 3263 496 3318 verbum
519 3261 598 3317 nulla
619 3261 696 3318 illius
718 3261 825 3318 termae
844 3260 974 3331 exempla
991 3262 1140 3330 supersunt
1158 3259 1204 3330 [oi.
1223 3259 1260 3315 sd
1278 3259 1369 3318 Stichi

222 3371 249 3409 v.
269 3352 325 3424 44].
362 3350 452 3406 Multo
477 3355 570 3407 eutem
596 3351 688 3407 minus
706 3351 806 3406 Plauto
829 3351 1008 3406 tribuendum
1027 3355 1110 3405 tome
1128 3351 1197 3418 eret,
1215 3366 1249 3404 ex
1267 3349 1368 3407 ultimo

226 3437 405 3509 antiquitatis
423 3456 535 3496 recessu
552 3441 673 3510 petitum
692 3439 831 3510 Saliisqne
849 3443 881 3495 et
897 3438 1046 3495 Arvalibus
1064 3455 1121 3494 nna
1138 3455 1200 3494 oum
1220 3454 1311 3493 curuo
1326 3455 1368 3494 re·
1437 3465 1441 3474 ·

223 3528 412 3598 linquendum.
450 3529 627 3600 Omninoque
654 3529 727 3584 nihil
754 3529 845 3600 magis
872 3527 1027 3584 cavendum
1054 3530 1098 3584 est
1122 3543 1207 3597 quem
1228 3543 1264 3582 ne
1287 3543 1370 3583 casea

222 3617 362 3674 uocabula
378 3617 517 3674 formasve
536 3617 737 3674 vocabulorum
755 3617 785 3672 in
802 3617 934 3673 Plautum
954 3616 1082 3688 cupidius
1101 3615 1214 3686 inferes,
1232 3632 1250 3670 a
1267 3615 1369 3686 quihus

222 3704 299 3761 illins
318 3705 377 3762 sive
395 3707 473 3762 netas
492 3706 551 3762 sive
570 3722 615 3761 ers
633 3707 664 3762 et
680 3723 748 3761 usus
761 3702 945 3762 abhorruerit
976 3705 1000 3760 Ε
1018 3721 1138 3775 quorum
1155 3721 1271 3761 numero
1289 3705 1368 3761 relat

221 3796 374 3865 quamde,
399 3797 484 3852 iuda
509 3796 599 3866 (euius
623 3795 653 3850 in
677 3812 733 3851 uno
757 3795 908 3852 iudoudire
933 3795 1018 3851 verbo
1046 3792 1197 3864 vestigium
1223 3793 1367 3850 relietum:

221 3903 288 3942 nam
306 3883 497 3942 diversissima
519 3887 538 3940 d
561 3884 657 3941 littera
670 3885 774 3955 prodw
797 3886 827 3940 et
844 3885 955 3940 antideo
973 3886 1003 3939 et
1020 3884 1125 3940 amittit
1142 3883 1172 3938 et
1189 3883 1322 3939 ammae
1339 3885 1368 3938 et

223 3975 336 4029 antidea
359 3974 388 4029 et
406 3973 534 4043 postidea
556 3975 682 4042 utuntur)
707 3976 736 4028 et
757 3989 905 4044 perperam
929 3988 947 4027 a
969 3971 1065 4028 Reiaio
1088 3971 1230 4028 inuectum
1256 3971 1368 4026 aliato

221 4065 300 4132 suut,
327 4062 374 4117 vel
400 4068 517 4132 topper
535 4063 565 4117 et
586 4063 768 4133 antiquio,
792 4062 837 4116 vel
862 4062 964 4117 molas
983 4059 1128 4132 genetivus
1147 4059 1194 4131 [oi.
1210 4059 1281 4116 Nou.
1300 4059 1366 4114 Ero.

220 4149 261 4206 Pl.
282 4151 293 4204 l
312 4168 340 4220 p.
360 4155 411 4206 114
422 4167 463 4219 sq.
483 4149 583 4218 Opuso.
602 4149 672 4220 phil.
690 4149 729 4204 ΙΙΙ
747 4168 774 4221 p.
796 4150 860 4222 133]
879 4151 908 4204 et
925 4150 1088 4206 temonem
1105 4147 1197 4205 torma
1215 4146 1368 4219 [et.'1'rin.²

222 4237 449 4309 v.1018.1130]=
469 4252 588 4306 quorum
606 4233 656 4290 ille
674 4235 746 4291 nihil
759 4253 893 4305 umquam
912 4235 1035 4292 admisit
1063 4237 1104 4291 ho
1117 4238 1194 4291 recte
1212 4236 1266 4291 hoc
1279 4251 1367 4306 genna

221 4325 381 4382 uuiversum
391 4324 567 4396 hadewigius
580 4323 717 4382 iudicavit
730 4325 759 4380 in
773 4325 990 4382 Zimmermauni
1009 4324 1107 4380 Dinrn.
1126 4323 1232 4393 antiqu.
1251 4340 1276 4380 a.
1298 4329 1366 4380 1842

222 4434 250 4486 p.
271 4421 339 4471 root
355 4431 429 4486 sqq,
454 4413 556 4470 merita
580 4414 729 4471 ”veritate
752 4415 848 4471 Bothii
873 4415 902 4470 iu
925 4414 976 4472 illo
999 4411 1246 4484 intemperantiam
1269 4415 1299 4468 et
1320 4413 1367 4468 vix

222 4502 369 4560 credibilis
386 4507 546 4560 commenta
563 4503 711 4574 castigans.
742 4503 848 4570 Quodsi
861 4503 999 4574 quosdam
1018 4502 1144 4560 solitaria
1161 4503 1272 4560 exstent
1288 4503 1366 4560 testi·
