3332 5074
537 433 801 481 ananosrronrs
827 433 1033 480 arrsvrrrrsa.
1293 417 1357 482 437

215 577 436 664 increpandus.
493 575 554 642 Sed
589 579 672 659 esto,
705 580 742 640 nt
774 575 821 640 sic
853 575 994 640 hiaverit
1024 574 1177 640 Naevius.
1231 576 1358 660 Opponi

214 688 322 748 antem
345 685 506 749 bonorum
529 685 773 768 peritorumque
797 687 966 766 poetarum
987 683 1197 767 multitudini,
1220 684 1274 768 qui
1293 705 1357 748 non

213 789 276 856 nisi
298 791 447 857 consulto
472 795 505 856 at
528 791 624 856 certis
644 789 886 854 condicionibus
906 811 1014 854 rarum
1034 789 1159 854 hiatum
1179 794 1214 852 ut
1233 789 1358 854 Ennius

213 897 277 962 sibi
306 898 512 983 indulgeant,
544 897 626 962 tales
655 900 768 980 poetae
797 900 947 982 apparet,
978 918 1059 981 quos
1083 896 1164 962 artis
1187 895 1297 980 inopia
1320 917 1357 960 eo

214 1002 360 1089 adegerit
383 1008 420 1070 ut
442 1004 471 1069 si
494 1005 617 1070 vellent
636 1026 747 1069 versus
767 1004 893 1070 efficere
914 1004 1057 1088 omnino,
1080 1009 1112 1068 ct
1131 1004 1265 1098 ,crebros
1289 1001 1357 1066 hia-

212 1097 266 1174 tus
290 1116 323 1176 et
345 1113 548 1196 promiscuos
572 1112 670 1176 etiam
692 1110 840 1176 nolentes
865 1111 929 1176 sibi
953 1111 1038 1178 elabi
1056 1109 1256 1195 paterentur:
1280 1133 1357 1196 qua·

212 1216 252 1281 lis
270 1217 372 1282 fuisse
386 1217 530 1284 Naevius
550 1218 675 1282 dicitur.
707 1217 794 1282 Nam
818 1217 917 1282 etiam
941 1238 1058 1302 genere
1081 1239 1214 1301 prorsus
1238 1216 1357 1280 diversi

214 1328 291 1388 snut
312 1322 470 1390 Naeviani
499 1324 606 1389 hiatus
631 1325 680 1388 illi
703 1314 765 1406 qna*
791 1325 926 1389 oocdlr'tis
950 1327 982 1388 et
1006 1323 1100 1388 Grdrl
1123 1323 1226 1407 άίᾳαε,
1258 1325 1356 1406 atque

213 1429 410 1498 Graecorum
434 1432 579 1515 exemplo
603 1431 735 1515 probati
758 1429 861 1513 Scipi&
884 1433 998 1494 inuicte
1021 1427 1118 1516 (quaa
1142 1430 1242 1493 verba
1264 1451 1356 1494 roca·

214 1539 253 1603 lis
286 1536 494 1624 sequebatur)
525 1542 559 1602 et
588 1535 695 1604 etc'sid‘c
723 1540 771 1602 ire:
809 1538 847 1602 ad
872 1538 957 1622 quod
986 1559 1088 1622 genus
1113 1536 1217 1600 solum
1241 1536 1357 1601 ultima

213 1646 311 1711 rerba
334 1644 499 1712 Ciceronis
523 1648 672 1728 spectant
692 1645 748 1709 hoc
769 1646 849 1708 idem
872 1645 985 1708 nostri.
1000 1694 1007 1706 .
1023 1694 1029 1707 .
1045 1643 1163 1708 ,soleat
1191 1643 1261 1707 Iam
1280 1665 1355 1708 vcro

214 1753 290 1837 quid
314 1756 365 1816 est
387 1751 529 1835 tandem,
553 1773 683 1836 quaeso,
707 1772 859 1816 curcum
882 1749 1006 1815 Naevio
1031 1749 1259 1833 potiusquam
1283 1771 1356 1814 cum

213 1860 268 1942 eis,
292 1858 346 1944 qui
370 1880 435 1922 non
459 1857 586 1924 sordere
610 1857 777 1922 Naeviano
802 1879 890 1920 more
915 1856 1106 1940 maluerunt,
1129 1855 1280 1922 Plautum
1303 1857 1353 1921 val
1369 1879 1461 1919 exors

214 1989 273 2030 nos
307 1965 464 2030 sociemus
496 1964 546 2029 rel
580 1963 779 2049 cogitatione
812 1963 952 2028 sociasse
977 1960 1165 2026 Ciceronem
1198 1965 1356 2045 putemus,

183 2067 185 2070 ¹
213 2073 245 2138 h.
270 2095 295 2137 e.
324 2093 397 2137 eum
426 2071 615 2156 scriptorem
640 2070 694 2156 qui
718 2069 973 2155 neglegentioris
997 2071 1077 2133 artis
1100 2070 1248 2153 exemplo
1272 2068 1355 2135 Nae·

210 2180 263 2244 rio
286 2183 405 2264 utatur,
428 2201 493 2244 non
516 2181 628 2242 utatur
650 2177 791 2244 Plauto?
837 2175 920 2240 Nam
945 2199 983 2240 ex
1007 2197 1054 2260 eo,
1078 2175 1162 2259 quod
1188 2176 1354 2269 cumipse

209 2285 317 2352 Ennio
339 2307 399 2350 nec
423 2285 531 2369 poesis
555 2306 657 2369 genus
679 2305 738 2348 nec
761 2305 832 2348 cum
855 2282 917 2348 boc
941 2283 1147 2347 coniunctum
1167 2302 1267 2367 genus
1286 2281 1355 2346 bia-

209 2396 262 2458 tus
285 2392 421 2458 Plautus
445 2413 615 2457 commune
638 2390 748 2473 babet,
771 2411 837 2454 non
860 2389 1231 2472 consequitur'proleeto
1250 2389 1355 2475 negle-

212 2500 356 2585 gentiam
386 2521 458 2564 eum
488 2521 559 2563 cum
590 2519 627 2563 eo
658 2501 755 2582 poeta
786 2517 988 2560 communem
1017 2495 1184 2580 habuisse,
1217 2518 1354 2582 quocum

209 2607 317 2690 poesis
337 2626 463 2691 genere,
487 2605 541 2668 sed
562 2607 599 2668 ut
618 2603 778 2668 recentior
796 2624 869 2667 cum
890 2602 1068 2668 vetustiore
1088 2603 1278 2668 coniunctus
1297 2606 1354 2668 est.

212 2713 263 2778 An
292 2712 429 2777 similem
459 2717 555 2795 atque
583 2711 617 2774 in
639 2709 764 2775 Naevio
792 2709 857 2773 luit
886 2709 965 2773 artis
989 2708 1132 2794 inopiam
1156 2711 1206 2773 vel
1229 2709 1260 2774 in
1286 2709 1355 2774 bia-

211 2825 303 2884 tuum
327 2818 459 2883 licentia
482 2817 533 2881 vel
557 2817 590 2880 in
615 2816 687 2880 aliis
710 2815 859 2900 partibus
882 2815 1028 2899 poeticae
1053 2837 1120 2880 non
1143 2816 1277 2898 centeni,
1300 2815 1355 2880 sed

209 2925 334 2990 milleni
367 2947 480 2990 versus
508 2922 653 2988 Plautini
683 2923 824 3007 produnt
854 2926 947 2986 tanta
977 2926 1010 2986 et
1039 2921 1197 2987 facilitate
1227 2921 1291 2985 fusi
1322 2927 1355 2986 et

213 3030 431 3096 concinnitate
459 3031 631 3114 elaborati,
659 3033 695 3094 ut
723 3050 795 3094 meo
821 3050 916 3094 sensu
939 3029 1036 3092 etiam
1061 3031 1214 3112 superent
1237 3027 1353 3093 Teran-

211 3137 334 3202 tianam
358 3138 552 3204 industriam
582 3142 614 3202 et
642 3136 808 3222 aliquanto
832 3137 1053 3202 molestiorem
1075 3136 1354 3201 lucubrationem?

208 3244 246 3308 In
271 3245 400 3329 quibua,
433 3246 460 3309 si
483 3245 564 3310 nihil
590 3267 609 3308 a
631 3243 809 3310 Naevianis
833 3242 1013 3326 differrent,
1044 3243 1274 3328 quid'tnndem
1299 3243 1352 3307 ad·

208 3351 343 3416 miratos
366 3373 435 3416 esee
459 3352 531 3416 illos
555 3351 821 3434 existimabimus
844 3350 882 3414 de
906 3349 1022 3434 quibus
1046 3347 1218 3414 Horatius:

368 3510 413 3575 At
436 3512 538 3576 nostri
560 3511 674 3595 proaui
697 3510 866 3576 Plautinos
891 3514 924 3573 et
947 3530 1125 3573 numeros
1149 3513 1181 3573 et
1222 3557 1226 3562 ,

366 3616 552 3683 Laudauere
575 3618 658 3682 sales
685 3619 748 3681 -?

208 3776 267 3843 Cui
298 3777 416 3843 iudicio
446 3777 507 3842 ct'si
534 3799 600 3843 non
629 3777 821 3861 subscripsit
844 3775 1008 3842 Horatius
1033 3799 1106 3841 cum
1134 3775 1179 3840 eis
1204 3775 1355 3840 omnibus

207 3907 344 3970 quorum
373 3884 405 3948 in
437 3885 664 3950 diversissimis
693 3883 874 3949 rationibus
900 3884 1011 3948 innixa
1037 3905 1121 3948 nova
1143 3904 1197 3947 ars
1221 3904 1354 3966 prorsus

207 3991 360 4075 opposita
383 3995 527 4055 veterum
556 3990 620 4054 arti
651 3990 727 4074 suit,
758 3993 869 4055 tamen
900 4011 938 4054 er
967 3989 1047 4074 ipsis
1076 3989 1237 4054 veteribus
1265 3991 1353 4052 vete·

207 4119 319 4162 rumve
352 4099 433 4162 artis
467 4097 619 4162 studiosis
656 4096 728 4180 quis
760 4119 913 4181 umquam
947 4095 1047 4159 simili
1080 4099 1177 4179 atque
1200 4093 1352 4158 Plautum

209 4203 390 4288 elegantiae
414 4204 507 4268 laude
531 4202 690 4268 Naevium
714 4201 914 4266 cumulavit?
939 4201 1010 4285 quis
1033 4199 1219 4265 Naeviauos
1243 4223 1351 4265 uume-

205 4333 259 4374 ros
288 4308 466 4375 admiratus
496 4311 567 4374 ert?
608 4309 676 4384 ¹(lui
708 4309 835 4393 quidem
866 4313 964 4392 poeta
995 4306 1072 4392 quid
1103 4307 1220 4371 mirum
1251 4308 1279 4371 si
1310 4309 1350 4372 ab

206 4415 433 4481 Saturniorum
451 4416 523 4480 rudi
542 4419 576 4479 et
593 4415 716 4480 inculta
734 4415 841 4498 specie
860 4414 1036 4498 profectus,
1054 4414 1219 4497 inquibus
1238 4414 1348 4479 buius-

207 4521 294 4587 modi
318 4523 421 4587 multa
444 4521 649 4603 admisisset,
671 4524 709 4584 ut
