3302 5076
587 408 823 456 nursrmscna
847 409 975 456 nunna.
1283 391 1348 457 633

205 555 271 634 tur,
302 549 484 614 necessario
518 555 551 615 et
583 551 668 617 inter
696 573 729 614 se
758 551 886 616 vinculo
916 552 1074 617 contineri
1105 555 1138 615 et
1167 574 1239 616 cum
1273 551 1348 635 illis,

204 679 287 742 quae
310 658 464 740 primaria
496 662 680 743 censentur,
712 659 823 724 iuncta
860 679 944 741 esse;
976 661 1179 742 perspectum
1213 661 1276 742 est,
1312 661 1349 722 ut

204 763 315 848 paucis
343 765 556 850 complectar,
588 753 748 830 sumuuim
776 767 874 830 finem
900 764 1099 849 philologiae
1126 770 1191 830 iam
1219 763 1347 829 adultae

205 894 271 937 non
289 871 388 935 alium
409 891 488 955 esse,
507 871 572 936 nisi
590 876 628 935 ut
646 869 788 936 Graecae
807 871 1035 954 Romanaeque
1055 870 1260 955 antiquitatis
1280 870 1347 934 uui-

205 1000 316 1043 versae
350 978 448 1060 plena
475 977 619 1064 cognitio
647 982 851 1062 comparetur
879 982 911 1043 et
939 977 1033 1063 quasi
1056 979 1165 1062 imago
1189 977 1347 1062 quaedam

206 1084 314 1149 animo
338 1084 639 1168 comprehendatur.
684 1085 806 1162 Quodsi
831 1085 1015 1150 scholarum
1038 1085 1198 1150 rationem
1222 1087 1348 1167 reputa·

207 1213 277 1256 mus
308 1187 377 1277 (eas
410 1190 496 1274 dico,
528 1192 644 1276 quibus
677 1191 717 1257 ad
751 1191 935 1258 academica
965 1191 1071 1256 studia
1101 1191 1208 1255 aditus
1238 1189 1347 1274 parari

206 1295 320 1383 solet),
344 1298 477 1382 numqui
500 1298 585 1362 tradi
608 1298 774 1384 discipulis
798 1298 956 1382 videmus,
984 1303 1200 1382 quotcumque
1224 1297 1347 1362 littera-

207 1425 278 1468 rum
302 1403 572 1490 philologicarum
596 1426 714 1489 genera
741 1405 792 1469 vel
817 1405 896 1470 olim
919 1408 1060 1470 tractata
1083 1409 1158 1470 sunt
1180 1405 1221 1470 ab
1245 1404 1349 1469 doctis

205 1511 392 1576 homiuibus
424 1514 474 1577 vel
504 1535 589 1578 nunc
620 1514 706 1578 laete
743 1514 873 1598 lateque
905 1514 1136 1578 effloruerunt?
1173 1513 1263 1578 illine
1298 1509 1348 1576 vel

210 1619 429 1703 grammaticis
450 1621 578 1706 linguae
596 1621 831 1686 subtilitatibus
853 1621 1052 1706 quibuslibet
1070 1619 1280 1685 imbuuntur?
1300 1617 1348 1682 vel

208 1725 338 1791 criticae
362 1728 442 1791 artis
470 1727 687 1811 captiunculis
715 1728 927 1794 irretiuntur?
956 1728 1005 1791 vel
1034 1727 1075 1791 ad
1104 1725 1349 1810 antiquitatium

209 1832 282 1896 avia
305 1853 402 1914 saepe
421 1832 552 1897 dumeta
571 1833 749 1899 obscurare
769 1835 955 1899 umbracula
973 1834 1202 1919 pelliciuntur?
1225 1831 1276 1896 vel
1303 1833 1349 1895 iu·
1478 1912 1480 1916 Ι

206 1940 323 2004 bentur
343 1939 376 2003 in
401 1940 584 2005 reconditas
610 1963 753 2025 quosque
780 1939 901 2004 artium
924 1939 1169 2023 litterarumque
1192 1937 1350 2002 historiae

207 2067 352 2110 recessus
375 2047 627 2132 interioremque
651 2069 769 2112 nexum
792 2047 984 2131 penetrare?
1016 2044 1108 2111 Nihil
1126 2046 1244 2111 horum
1264 2045 1349 2110 vide-

207 2163 278 2215 mus
306 2152 385 2216 fieri.
432 2153 514 2229 Quid
542 2153 665 2239 igitur?
697 2154 829 2220 haecine
862 2153 942 2218 satis
972 2153 1056 2218 inter
1087 2176 1121 2218 se
1154 2153 1350 2220 concinunt?

209 2258 261 2322 An
291 2259 337 2324 sic
365 2260 475 2343 potius
505 2261 725 2347 statuendum,
752 2265 789 2324 ut
819 2261 932 2326 autin
955 2283 1009 2326 eas
1033 2261 1121 2346 ipsas
1144 2263 1251 2343 partes
1275 2260 1350 2325 diri-

206 2365 311 2450 genda
338 2365 569 2431 discentium
600 2367 720 2450 studia,
751 2371 808 2432 aut
840 2367 987 2432 inutilem
1018 2389 1103 2452 esse,
1139 2389 1220 2452 quae
1254 2366 1350 2432 hodie

208 2473 391 2557 requiritur,
414 2473 634 2538 docentium
658 2473 836 2538 doctrinam
860 2473 1059 2544 iudicemus?

296 2577 370 2643 Non
398 2579 576 2662 poterimus
604 2579 765 2645 mehercle
793 2581 827 2645 in
860 2581 920 2646 hac
954 2581 1143 2666 quaestione
1176 2581 1350 2666 quicquam

207 2687 374 2770 proficere,
397 2687 472 2769 nisi,
495 2711 568 2772 quo
596 2687 727 2752 taudem
750 2688 916 2753 oonsilio
941 2711 979 2752 ex
1003 2687 1209 2772 antiquitatis
1232 2686 1347 2752 studiis

207 2793 339 2878 puerilis
372 2794 489 2858 aetatis
526 2795 766 2859 institutionem
799 2795 971 2880 praecipue
1007 2817 1123 2860 nexam
1160 2794 1347 2872 habeamus,

208 2901 450 2986 quaesierimus.
496 2899 595 2966 Cuius
625 2903 750 2967 consilii
778 2904 938 2968 rationem
966 2902 1101 2967 fallatur
1128 2901 1183 2984 qui
1206 2922 1245 2965 ex
1268 2900 1348 2984 ipsis

208 3006 390 3092 originibus
409 3007 505 3071 huius
525 3007 715 3092 disciplinae
735 3009 946 3074 scholasticae
970 3013 1113 3093 repetere
1137 3007 1351 3093 aggrediatur.

207 3111 304 3178 Enim
328 3135 403 3179 vero
427 3136 490 3198 quo
513 3115 750 3180 renascentium
778 3116 960 3180 litterarum
990 3115 1118 3180 saeculo
1141 3114 1282 3198 primum
1305 3113 1351 3176 in·

208 3220 300 3284 stitui
315 3220 462 3304 publicae
477 3219 608 3286 scholae
623 3221 834 3286 humanitatis
850 3227 983 3306 coeptae
997 3223 1080 3305 sunt,
1100 3243 1138 3286 eo
1152 3220 1297 3285 homines
1312 3241 1352 3283 ne

210 3331 385 3413 potuerunt
408 3327 535 3410 quidem
560 3328 624 3392 nisi
647 3351 686 3392 ex
705 3329 902 3412 incorruptis
918 3328 1182 3413 'antiquitatis
1205 3325 1352 3391 fontibus
1422 3325 1424 3328 ’

211 3439 405 3518 aeternoque
433 3434 579 3518 exemplo
609 3436 746 3500 salutem
769 3457 921 3520 quaerere
945 3459 1046 3521 eaque
1069 3434 1216 3500 liberalis
1241 3434 1351 3500 eduea-

210 3541 310 3606 tionis
339 3543 372 3604 et
400 3541 438 3604 ad
468 3540 703 3605 humanitatem
720 3541 973 3607 'informationis
996 3543 1213 3606 instrumenta
1235 3544 1352 3626 petere,

210 3669 292 3730 quae
312 3669 402 3710 suae
423 3647 539 3711 aetatis
559 3647 649 3712 labes
669 3651 701 3712 et
725 3648 891 3712 barbaries
910 3648 1081 3732 praeberet
1098 3647 1196 3713 nulla.
1229 3647 1353 3712 Verum

210 3753 250 3818 ad
279 3774 376 3837 quarn
405 3753 490 3818 viam
520 3754 659 3819 maiores
686 3759 815 3820 nostros
844 3755 1019 3820 necessitas
1048 3755 1204 3840 quaedam
1233 3754 1354 3840 adegit,

101 3849 110 3862 ⁵
210 3882 280 3924 eam
308 3882 368 3924 nos
398 3883 484 3925 nunc
515 3861 663 3925 consulto
692 3865 725 3926 et
755 3863 892 3927 scientes
923 3865 1083 3943 tenemus,
1114 3860 1231 3946 quibus
1261 3862 1354 3945 larga

211 3990 288 4031 saue
313 3969 345 4030 et
364 3966 531 4051 multiplex
551 3967 698 4052 suppetit
716 3968 961 4033 erudiendorum
981 3967 1185 4053 ingeniorum
1204 3968 1351 4034 materia.

210 4073 293 4150 Quid
318 4074 420 4158 igitur
437 4073 517 4137 illud
538 4076 588 4138 est
605 4075 744 4157 tandem,
768 4075 851 4160 quod
870 4075 1053 4139 tralaticiae
1072 4073 1260 4158 discipliuae
1279 4096 1352 4138 con-

210 4182 428 4245 servationem
451 4179 612 4264 hodieque
636 4181 792 4246 suadeat?
826 4181 947 4258 Quodsi
972 4203 1083 4246 verum
1107 4184 1201 4264 esset,
1224 4179 1309 4264 quod
1333 4203 1352 4244 a

210 4286 403 4371 quibusdam
432 4287 546 4352 iactari
575 4287 763 4370 accipimus,
792 4288 846 4372 qui
876 4289 1004 4372 quidem
1033 4286 1200 4371 discipulis
1225 4306 1353 4370 quoque

209 4395 274 4458 late
302 4397 468 4479 patentem
496 4393 587 4457 illum
616 4393 820 4477 antiquitatis
851 4415 981 4458 sensum
1015 4392 1237 4457 imbibendum
1268 4395 1352 4456 vete·

210 4523 345 4586 rumque
363 4500 557 4585 populorum
579 4499 677 4564 vitam
696 4522 734 4564 ac
752 4500 941 4564 memoriam
959 4500 1048 4564 velut
1065 4498 1254 4564 intuendam
1282 4519 1352 4563 esse
