3306 5070
286 397 350 462 686
639 411 870 460 unumunurm
892 409 1078 459 cumcurn.

376 553 429 620 Sic
452 533 542 619 Tiar
566 555 632 620 iarn
655 555 777 620 faventi
815 555 870 639 qui
895 576 988 620 carus
1012 556 1125 618 nostre
1149 551 1296 617 sacerdos

442 661 627 747 Ingrederis
651 660 759 727 Olario
782 662 908 746 templa
931 661 1037 726 dicato
1060 659 1145 742 De03

373 769 479 834 Parva
502 769 642 853 quidem,
664 768 780 852 fateor,
803 768 859 832 sed
882 767 998 852 priscis
1022 766 1154 851 cognite
1177 764 1301 849 saeclis,

444 874 619 942 Caeruleus
643 875 804 940 celebrem
827 896 891 959 qua
914 878 1003 940 secet
1024 872 1119 938 Albis
1142 872 1286 936 humum.

372 982 523 1066 Amplius
547 983 626 1047 haec
649 1004 708 1066 per
732 982 802 1066 Tu,
825 982 916 1046 nulla
938 981 1101 1046 labefacto
1123 979 1227 1063 ruina,

444 1089 641 1175 Exsurgant,
665 1089 765 1154 radiis
789 1087 1018 1174 conspicienda
1040 1087 1142 1153 novis.

375 1193 428 1260 Sic
451 1198 524 1262 urbi
547 1196 668 1262 veteris
692 1196 858 1262 doctrinae
881 1197 970 1261 fama
992 1194 1128 1279 rigebit,

443 1300 592 1366 Proferet
614 1304 648 1366 et
669 1302 822 1367 meritum
846 1301 1000 1368 Leucoris
1024 1301 1111 1366 elma
1133 1298 1239 1364 decus.

374 1513 446 1594 Scri
460 1515 529 1599 Tv,
552 1538 648 1601 quern
671 1517 797 1602 gremio
820 1517 1000 1582 lectissime
1023 1518 1110 1579 terra
1132 1511 1270 1596 recepit,

445 1622 473 1688 0
497 1623 594 1708 salve,
617 1627 748 1688 nostrae
772 1623 828 1690 lux
852 1624 1065 1707 columenque
1089 1619 1234 1684 scholae!

375 1727 477 1805 Quem
500 1728 649 1794 iuvenem
672 1729 834 1814 quondam
857 1727 995 1793 nutrivit
1017 1726 1128 1811 Lipsia
1152 1726 1249 1810 clara,

444 1835 541 1901 Fovit
564 1839 597 1901 et
618 1836 653 1900 in
676 1840 765 1903 cesto
789 1836 886 1902 docta
908 1834 1054 1900 Minerva
1077 1834 1159 1899 sinu.

373 1942 464 2028 Ergo
487 1941 567 2007 haec
590 1942 747 2008 Phoebeis
771 1943 921 2028 oleagina
945 1946 1032 2007 serta
1054 1939 1185 2006 corollis

447 2048 592 2132 Addidit,
615 2054 648 2114 et
670 2050 770 2115 tinxit
791 2053 922 2114 nectere
945 2049 1037 2114 lnbre
1060 2067 1127 2112 suc.

376 2153 482 2220 Huius
506 2159 539 2220 et
561 2155 724 2221 Aonidum
748 2155 914 2222 consortia
937 2159 1033 2241 grata
1057 2175 1203 2220 sororum

444 2260 507 2328 Hic
530 2282 659 2347 quoque
682 2262 809 2330 defesso
834 2263 926 2328 dulce
949 2262 1099 2327 levamen
1122 2262 1225 2324 erunt

374 2366 509 2433 Praesto
533 2389 661 2453 semper
683 2373 788 2453 erunt,
810 2391 868 2434 seu
890 2368 943 2432 Ta
967 2368 1098 2433 Nasone
1122 2367 1253 2431 iubente

443 2473 581 2540 Duxerit
603 2476 637 2540 in
660 2477 760 2540 valles
782 2475 899 2540 fertilis
922 2474 1041 2541 Henna
1063 2496 1181 2558 sacres,

375 2577 437 2645 Seu
461 2586 620 2647 memoret
642 2580 720 2666 Gyri
742 2581 925 2666 Xenophon
947 2582 1063 2647 fatalia
1085 2601 1198 2666 regne,

445 2684 508 2752 Seu
531 2690 666 2753 teneant
689 2690 831 2754 mentem
855 2687 981 2754 Gallica
1004 2687 1091 2752 bella
1114 2685 1239 2768 Tun,

373 2791 446 2858 Sive
470 2797 577 2859 truces
600 2795 689 2860 Parii
714 2796 798 2860 vetis
822 2795 956 2860 secteris
981 2794 1117 2877 iambos,

445 2897 507 2964 Seu
530 2899 585 2964 Tu
609 2899 794 2966 Mimnermi
816 2901 936 2966 blanda
960 2899 1092 2984 querela
1114 2899 1211 2963 iuvet.

372 3007 424 3071 Ta
449 3007 529 3071 duce
551 3027 626 3072 mor
651 3006 767 3072 alacris
790 3007 869 3072 forti
892 3007 973 3092 pede
996 3007 1094 3071 turba
1116 3003 1303 3098 Tvosvn'

443 3111 584 3179 Scandet
606 3112 772 3197 Apollinei
799 3114 942 3179 culmina
966 3135 1093 3178 summa
1115 3111 1193 3196 iugi.

374 3218 431 3285 'l'v
454 3219 562 3285 studio
585 3219 677 3306 vigili
701 3220 791 3286 mitis
815 3242 965 3287 succurre
989 3219 1118 3284 tenellis

442 3325 621 3392 Mentibus:
646 3327 723 3392 hinc
746 3327 813 3392 illie
835 3328 956 3394 nobilis
980 3325 1076 3392 ardor
1098 3325 1167 3390 erit

372 3430 482 3500 Mollit
505 3433 592 3498 enim
615 3432 761 3518 regimen
784 3471 826 3479 -
850 3432 1005 3499 iuvenilia
1028 3435 1160 3516 pectore
1182 3431 1284 3494 testes
1312 3465 1350 3475 -

443 3537 529 3604 Lene
552 3539 640 3605 feros
664 3539 798 3625 animos,
822 3539 1074 3624 obsequiumque
1098 3537 1194 3622 perit.

373 3749 441 3816 Vos
465 3756 573 3818 autem
598 3753 706 3817 cuncti
729 3775 854 3818 mecum
878 3751 1016 3838 gaudete
1039 3751 1176 3834 sodales,

444 3856 594 3944 Spargite
617 3859 735 3924 votivis
758 3863 851 3926 turea
874 3859 959 3925 done
981 3858 1077 3924 focis!

377 3965 449 4031 Hoc
472 3965 592 4030 etenim
614 3965 734 4030 meruit
756 3965 812 4030 fidi
835 3965 940 4050 probe
962 3985 1040 4029 cure
1062 3963 1257 4048 magistri,

446 4071 518 4138 Hoc
541 4072 636 4137 labor
658 4072 806 4138 assiduus
830 4070 1021 4155 consiliique
1044 4069 1133 4136 fides.

372 4179 443 4245 Iam
466 4201 590 4264 precor,
612 4177 688 4244 huic
711 4183 778 4244 stet
800 4178 894 4243 firme
917 4179 1014 4262 selus,
1037 4177 1168 4243 fortune
1191 4175 1344 4241 secundet

442 4285 606 4370 Prospere
629 4289 752 4371 coepta,
775 4285 843 4352 dics
867 4285 988 4371 gaudia
1013 4304 1157 4369 quaeque
1179 4283 1277 4347 feratl

373 4393 523 4476 Accipias
546 4393 647 4476 vultu,
669 4392 807 4459 doctor
829 4391 1064 4475 venerande,
1087 4390 1238 4474 benigno,

443 4498 533 4575 Quae
555 4501 660 4583 pietas
682 4498 778 4563 hodie
802 4521 936 4564 munera
958 4520 1059 4582 perra
1081 4497 1166 4561 tulit
