3338 5072
543 377 804 428 nununamorrs
828 379 1036 428 cussanus.
1295 361 1358 427 371

213 517 358 584 bresiani
380 517 573 605 Veterisque
596 522 631 586 in
654 520 759 589 Sticlri
782 545 879 588 versu
902 523 933 606 l,
956 523 991 607 3,
1014 523 1058 587 22
1086 521 1248 606 scripture
1270 544 1359 607 prae-

214 625 303 690 etat?
349 623 417 690 Vbi
447 647 520 690 oum
547 627 580 692 in
604 627 668 694 01)
690 629 818 712 legatur
840 629 983 694 numeris
1006 629 1104 694 nullis
1129 628 1261 712 Propter
1277 649 1360 711 purr-

209 737 359 814 paruam
387 731 442 799 boc
468 735 543 800 adeo
566 755 676 801 nomen
698 736 832 818 repperi,
865 734 1127 820 elegantissimus
1151 755 1189 800 ex
1213 733 1285 798 AB
1308 735 1361 800 bic

215 840 393 905 versiculus
417 839 539 926 prodit:

359 982 498 1069 Proptdr
520 985 708 1069 pauperiem
731 985 793 1051 hoc
818 988 897 1052 rideo
922 1007 1039 1051 nomen
1062 987 1200 1072 repperi.

214 1124 363 1192 Concedo
386 1125 469 1191 talia
492 1148 619 1212 quoquc
643 1129 728 1213 apud
751 1128 903 1196 Plautum
926 1128 1069 1213 reperiri,
1093 1128 1186 1213 quale
1206 1131 1256 1194 est
1277 1130 1362 1194 uidet

214 1236 291 1297 ante
313 1237 545 1298 consonantem
568 1239 752 1320 correptum
771 1234 983 1322 (quamquam
1001 1236 1119 1301 horum
1138 1257 1265 1320 qnoque
1284 1257 1360 1320 pars

134 1385 138 1395 i
215 1338 315 1404 alium
346 1338 457 1423 potius
490 1339 689 1424 explicatum
720 1341 848 1430 habet):
882 1363 967 1427 nego
999 1342 1134 1426 reperiri
1161 1343 1196 1407 in
1224 1343 1360 1408 senariis

214 1445 363 1510 iambicis
392 1445 649 1531 septenariisque
678 1469 751 1513 cum
778 1447 953 1514 trochaicis
982 1453 1051 1514 tum
1079 1448 1242 1534 iambici,
1275 1469 1360 1534 nego

215 1551 314 1616 etiam
337 1551 373 1618 in
396 1552 523 1618 creticis
548 1557 581 1618 ct
603 1553 796 1619 bacchiacie.
837 1553 925 1620 Nam
946 1554 1009 1620 hoc
1033 1555 1136 1620 teneri
1159 1557 1288 1638 praeter
1310 1575 1359 1618 ce·

215 1662 287 1724 tera
310 1658 399 1744 volo,
426 1659 525 1723 nimis
549 1659 734 1744 neglectum
758 1683 778 1725 a
800 1660 978 1746 plerisque:
1010 1660 1094 1726 nihil
1118 1661 1152 1726 in
1176 1660 1360 1745 indaganda

213 1764 367 1850 prosodia
380 1765 534 1831 Plautina
552 1765 665 1851 profici
685 1767 749 1832 nisi
768 1766 1016 1852 diligentissime
1036 1767 1122 1833 inter
1140 1789 1174 1832 se
1198 1767 1359 1832 distinctis

215 1876 392 1938 metrorum
422 1873 605 1958 generibus.
651 1874 703 1938 Ab
734 1874 865 1940 illorum
896 1875 997 1957 enim,
1029 1896 1110 1959 quac
1135 1873 1215 1956 dixi,
1248 1895 1360 1938 severa

214 1978 430 2044 concinnitate
459 1979 522 2045 dici
544 1981 657 2065 nequit
679 1985 836 2065 quantum
861 1980 960 2046 distet
982 2002 1055 2045 cum
1079 1981 1360 2064 anapaesticorum

213 2090 284 2150 tum
317 2087 556 2152 octonariorum
589 2088 734 2152 omnium
766 2087 913 2152 licentia:
945 2088 980 2150 in
1011 2087 1127 2171 quibus
1159 2109 1225 2152 non
1258 2107 1361 2171 pauca

202 2192 355 2258 'admissa
379 2193 446 2257 sint
468 2215 488 2258 a
511 2193 713 2259 senariorum
736 2194 1055 2279 septenariorumque
1085 2193 1247 2279 elegantia
1269 2215 1359 2278 pror-

214 2321 269 2365 sus
297 2298 515 2365 abhorrentia.
560 2298 646 2372 Huic
675 2303 783 2364 autem
812 2300 949 2365 alteram
979 2299 1163 2365 cautionem
1196 2299 1359 2384 quandam

213 2405 392 2471 addendam
419 2405 526 2471 video:
558 2408 595 2470 ut
627 2427 682 2489 ne,
715 2405 800 2490 quod
828 2406 925 2471 certis
954 2405 1109 2491 exemplis
1137 2405 1261 2472 factum
1290 2427 1360 2472 esse

215 2515 352 2596 constet,
376 2511 416 2577 ad
440 2515 545 2578 totum
568 2532 670 2597 genus
694 2512 824 2596 aliquod
849 2512 985 2578 calidius
1004 2512 1230 2596 transferatur,
1253 2512 1359 2598 qualis

214 2619 421 2684 ratiocinatio
446 2639 543 2703 saepe
565 2617 779 2684 fallacissima
800 2619 911 2685 futura
934 2619 992 2703 sit,
1011 2617 1076 2684 ¹sed
1100 2619 1138 2684 de
1162 2619 1300 2705 singulis
1322 2623 1360 2684 ut

213 2730 246 2790 et
278 2729 453 2810 quaeratur
487 2723 679 2808 singillatim
713 2727 746 2789 et
778 2725 947 2809 speciatim
980 2725 1179 2791 decernatur.
1224 2724 1360 2791 Accedit

212 2833 346 2897 tertium
368 2832 463 2917 idque
488 2831 654 2896 subtilius:
677 2831 890 2916 reputandum
913 2836 963 2896 est
986 2832 1071 2896 enim
1095 2853 1135 2895 ne
1158 2852 1196 2894 aa
1220 2829 1463 2916 quidem‚cxxu

213 2960 296 3023 quae
320 2939 397 3024 qnia
420 2938 594 3024 aliquando
618 2937 813 3023 factasunt,
837 2960 932 3024 posse
955 2937 1026 3002 fieri
1050 2935 1286 3003 concedendum
1306 2937 1358 3020 sit,

213 3044 382 3111 inferenda
406 3067 476 3110 esse
499 3044 666 3111 liberalius
690 3048 724 3109 et
746 3044 893 3130 cupidius
916 3042 1151 3128 amplectenda,
1174 3043 1230 3108 scd
1248 3043 1357 3127 potius

217 3151 348 3217 sublata
380 3152 576 3237 elegantiam
609 3174 819 3218 numerorum
857 3173 953 3236 saepe
986 3149 1120 3214 mirifice
1158 3170 1289 3237 augere:
1325 3150 1359 3216 id

214 3258 299 3343 quod
321 3258 370 3323 ita
392 3279 471 3343 esse,
493 3258 556 3322 nisi
580 3258 635 3344 qui
658 3280 724 3324 non
747 3263 824 3323 sunt
848 3257 889 3322 ad
911 3257 1058 3322 criticam
1081 3260 1185 3321 artem
1207 3255 1358 3324 factitan-

216 3364 291 3427 dam
314 3365 393 3447 neti,
415 3385 482 3429 non
505 3364 666 3450 ignorant.

302 3469 364 3534 His
388 3471 490 3556 igitur
512 3471 710 3556 praemissis,
733 3471 850 3556 quibus
874 3471 981 3555 ipsum
1005 3470 1129 3534 aditum
1153 3471 1277 3536 munire
1296 3471 1360 3536 dis-

213 3577 394 3660 putationis
417 3599 508 3642 meae
530 3577 632 3662 volui,
655 3581 692 3643 ut
716 3578 830 3644 ordine
853 3577 1061 3662 progrediar,
1084 3577 1227 3660 primum
1250 3577 1289 3642 de
1313 3577 1359 3642 eis

214 3683 528 3768 correptionibus
556 3685 676 3768 dicam,
707 3705 789 3769 quae
814 3685 857 3748 'in
880 3683 1020 3749 mediis
1043 3683 1244 3749 vocabulis
1269 3681 1358 3749 fiunt.

214 3790 321 3876 Atque
346 3791 489 3857 omnium
511 3789 774 3876 frequentissime
797 3812 870 3855 cum
891 3794 1018 3856 constet
1037 3790 1123 3854 vitae
1142 3813 1203 3854 usu
1222 3789 1358 3854 detritas

213 3897 278 3961 illc
298 3898 369 3964 iste
390 3917 466 3963 esse
487 3918 607 3963 eccam
629 3898 761 3963 voculas
780 3897 910 3982 corripi,
928 3897 1045 3982 quibus
1065 3897 1234 3981 aliquanto
1253 3895 1358 3960 rarius

215 4010 399 4090 correptum
423 4007 501 4088 ipse
524 4003 648 4070 accedit
665 4000 716 4090 (ut
735 4027 764 4070 v.
779 4004 854 4069 901.
868 4004 944 4087 902,
966 4026 1031 4069 non
1054 4000 1150 4087 928);
1173 4006 1282 4066 tamen
1306 4001 1358 4066 his

214 4234 278 4273 rara
296 4216 362 4286 tuit,
386 4214 560 4272 correctricis
584 4231 684 4284 manus
707 4231 793 4285 opera
810 4215 841 4270 in
858 4213 1024 4286 retingendis
1044 4209 1280 4278 resarciendisque
1299 4225 1359 4265 ver·

214 4304 289 4361 sibus
308 4307 484 4375 consumpte,
503 4321 590 4373 eaque
609 4320 643 4358 cx
662 4303 820 4372 antiquiore
839 4305 932 4358 aetate
950 4301 1103 4373 repetenda
1121 4316 1205 4369 qnam
1224 4316 1280 4368 qus
1298 4298 1358 4369 ipse

213 4393 364 4450 Bembinnr
386 4393 459 4450 liber
482 4392 601 4462 scriptus
624 4395 679 4446 esti
711 4390 823 4462 longine
846 4393 941 4446 antem
964 4408 982 4445 a
1004 4388 1174 4443 Terentiana
1196 4387 1358 4459 integritate

213 4481 373 4552 Bembinns,
393 4499 478 4551 qnam
498 4497 515 4535 a
533 4479 664 4536 Plautina
682 4478 882 4535 Ambrosianus
901 4479 988 4535 abest.

1091 4565 1146 4623 Ἡ*
