3302 5076
584 399 818 448 nnrmmscnn
842 399 968 446 nsusu.
1279 381 1344 446 655

200 564 272 606 mea
291 563 402 607 eorum
425 540 657 624 condicionem,
680 541 797 624 quibus
820 541 854 604 in
877 540 938 606 hoc
962 541 1033 624 ipso
1056 540 1128 605 loco
1150 539 1261 605 Idibus
1286 539 1343 604 Oe-

201 650 350 714 tobribus
382 647 555 733 quotannis
589 647 745 714 orandum
775 651 837 712 est:
866 647 950 712 hanc
982 647 1110 731 quidem
1139 667 1176 711 eo
1213 646 1343 710 nomine

199 755 438 840 praedicabam,
466 754 550 840 quod
578 755 702 839 gratiae
731 757 765 818 et
792 754 967 838 voluptatis
996 753 1098 820 multo
1127 753 1201 836 plus
1224 752 1344 816 habere

200 862 420 946 praesentium
443 884 550 926 rerum
578 861 736 944 cogitatio
766 883 862 945 quam
887 861 1067 925 recordatio
1096 860 1344 945 praeteritarum

200 968 327 1033 soleret.
364 966 455 1044 Quod
476 968 536 1032 etsi
559 967 655 1032 hodie
679 988 805 1052 quoqne
829 967 944 1050 sentio,
968 971 1077 1031 tamen
1101 965 1186 1030 hand
1211 966 1277 1030 scio
1302 987 1344 1028 an

200 1097 238 1138 en
268 1096 305 1138 ea
336 1073 523 1140 diversitate
553 1078 717 1158 tamquam
749 1095 766 1137 e
797 1072 958 1138 communi
988 1073 1079 1138 fonte
1108 1063 1237 1156 aliquid⁴
1260 1093 1344 1137 oom-

200 1180 286 1246 modi
316 1180 350 1244 in
380 1203 440 1244 nos
470 1179 639 1262 redundet,
670 1202 733 1264 quo
763 1178 960 1245 incommodi
993 1179 1080 1243 illins
1113 1177 1344 1243 detrimentum

200 1309 266 1351 non
285 1287 491 1352 mediocriter
509 1287 711 1351 resarciatur.
745 1285 875 1361 Quanto
895 1287 981 1350 enim
998 1286 1217 1370 praesentium
1236 1306 1344 1348 rerum

201 1413 278 1476 prae
306 1393 491 1476 praeteritis
518 1392 718 1478 improbatio
745 1392 948 1475 invidiosior,
976 1395 1069 1457 tanto
1098 1391 1165 1456 fere
1193 1390 1346 1474 suspitio-

202 1501 268 1564 sior
287 1499 426 1563 viventis
446 1499 648 1582 vigentisque
668 1521 765 1582 quam
784 1499 927 1564 defuncti
947 1498 1101 1583 principis
1123 1501 1172 1562 est
1191 1496 1345 1562 laudatio.

200 1605 285 1671 Nam
309 1628 381 1671 cum
405 1606 498 1671 facile
524 1605 649 1670 accidat
672 1609 722 1688 ut,
750 1603 824 1670 dum
848 1605 881 1669 in
905 1605 1052 1671 vivorum
1081 1605 1176 1670 laude
1199 1605 1346 1685 versaris,

201 1711 342 1797 gratiam
374 1715 506 1797 captare
537 1712 691 1778 simulata
720 1711 935 1778 admiratione
966 1712 1107 1776 videare:
1139 1714 1253 1776 contra
1279 1731 1345 1774 non

202 1819 333 1884 dubiam
363 1819 560 1884 sinceritatis
589 1818 901 1884 commendationem
929 1819 1049 1884 babere
1072 1820 1261 1902 incorrupta
1284 1839 1344 1882 vox

201 1925 406 2010 posteritatis
435 1926 589 2011 creditur,
616 1947 676 1991 nec
702 1925 849 2009 profecto
882 1925 1024 1990 creditur
1055 1926 1228 1990 immerito.
1274 1923 1346 1988 Hoc

200 2033 302 2117 igitur
332 2053 392 2096 nos
424 2054 551 2116 quoque
582 2031 743 2116 praesidio
774 2031 838 2096 tuti
867 2053 933 2096 non
963 2035 1013 2095 est
1041 2053 1097 2097 cur
1125 2032 1227 2096 ullam
1250 2030 1345 2094 nobis

202 2139 414 2222 suspitionem
442 2136 663 2219 declinandam
688 2158 758 2200 esse
783 2137 974 2220 sentiamus,
1001 2158 1075 2201 cum
1098 2137 1139 2202 ad
1162 2159 1235 2202 eum
1258 2131 1345 2221 prin-

202 2244 306 2328 cipem
324 2244 427 2308 libero
442 2265 497 2308 ore
513 2243 738 2308 celebrandum
755 2242 859 2308 denuo
875 2243 1089 2328 aggredimur,
1109 2244 1199 2308 cuius
1215 2248 1345 2308 sanetae

202 2350 376 2415 memoriae
399 2348 495 2412 huius
519 2347 582 2412 diei
607 2349 809 2414 sollemnitas
833 2349 938 2413 dicata
966 2353 1024 2414 est
1069 2349 1139 2414 Iam
1163 2350 1246 2415 enirn
1270 2354 1345 2435 post

206 2458 256 2520 tot
285 2477 441 2522 annorum
470 2455 624 2538 spatium,
653 2459 733 2540 quot
761 2457 822 2520 etsi
850 2478 907 2539 per
934 2479 967 2520 se
996 2457 1088 2541 pauci
1117 2462 1207 2541 sunt,
1235 2461 1346 2522 tamen

202 2566 346 2645 ereptum
375 2561 436 2625 sibi
465 2561 667 2626 carissimum
695 2561 818 2647 R'egem
851 2566 884 2627 et
913 2564 1132 2628 maerentibus
1163 2569 1197 2628 et
1225 2563 1346 2628 deside·

202 2668 351 2733 rantibus
378 2689 443 2732 non
471 2671 609 2750 possunt
636 2689 703 2733 non
730 2669 825 2733 multi
855 2668 971 2752 videri,
1001 2674 1034 2735 et
1065 2671 1113 2734 ira
1141 2673 1175 2735 et
1202 2669 1345 2735 studium

202 2773 399 2838 conticuere:
432 2795 489 2837 nee
518 2773 691 2839 verendum
720 2781 841 2858 estne,
874 2775 959 2859 quod
983 2775 1015 2840 in
1036 2775 1127 2840 D1vo
1150 2775 1344 2842 Fuluumco

202 2879 389 2945 Gwnnnuo
412 2878 461 2942 III
485 2879 663 2964 laudemus,
695 2881 746 2945 vel
774 2880 975 2946 audientium
1007 2881 1069 2945 fide
1098 2885 1207 2946 careat
1235 2882 1285 2945 vel
1311 2881 1346 2945 in

203 2987 345 3070 aliquam
379 2986 446 3050 sive
478 2987 704 3052 immodestiae
736 2987 803 3052 sive
836 2986 1029 3051 ambitiosae
1061 2986 1346 3071 reprehensionem

203 3093 433 3159 assentationis
453 3092 605 3158 incurrat.
642 3092 790 3177 Augetur
810 3092 962 3158 laudandi
981 3091 1175 3157 confidentia
1194 3113 1232 3158 eo
1251 3093 1347 3177 quod,

204 3221 420 3284 cumeorum,
447 3220 529 3283 quae
553 3198 765 3262 cummaxime
793 3199 887 3280 fiunt,
914 3198 1010 3264 facile
1037 3198 1148 3262 fallaci
1177 3199 1281 3282 specie
1309 3204 1347 3264 ut

202 3329 313 3372 snmus
335 3306 483 3371 homines
507 3304 719 3389 decipiamur:
742 3304 775 3369 id
799 3305 883 3388 quod
907 3305 1014 3370 valere
1033 3305 1066 3370 in
1085 3308 1255 3389 utramque
1274 3328 1345 3388 par-

202 3418 268 3478 tem
295 3412 383 3476 volo:
409 3412 453 3476 ,de
482 3412 536 3494 iis,
568 3433 649 3495 quae
678 3410 755 3474 olim
783 3409 871 3476 facta
899 3414 986 3494 sunt,
1017 3412 1136 3476 rectius
1164 3411 1346 3495 certiusque

202 3621 257 3658 non
280 3603 406 3673 patiatur
428 3603 501 3656 iusta
523 3602 611 3657 nostri
634 3601 753 3657 oratorie
775 3602 925 3670 modestia,
949 3605 1044 3658 tamen
1067 3620 1140 3657 nunc
1159 3603 1272 3672 quidem
1290 3621 1346 3659 non

202 3690 299 3761 inepte
318 3690 497 3745 excusatione
516 3690 642 3746 videmur
660 3690 714 3745 hac
728 3689 778 3758 uti,
797 3691 879 3759 qnod,
900 3707 984 3762 quam
998 3690 1167 3746 subiecimus
1183 3693 1345 3762 orationem,

201 3779 273 3834 baec
296 3777 432 3834 eiusmodi
455 3781 510 3848 est,
533 3779 565 3833 ut
588 3783 618 3834 et
639 3779 727 3849 ipsius
750 3779 909 3848 argumenti
932 3779 1097 3834 excellentia
1120 3781 1237 3836 oratoris
1261 3799 1345 3850 quan·

201 3867 275 3923 tavis
302 3867 481 3922 mediocritas
509 3868 696 3939 compensari,
725 3870 755 3922 et
783 3867 929 3938 proposito
956 3868 1070 3924 virtutis
1099 3869 1225 3940 exemplo
1248 3869 1346 3925 vestris

202 3957 380 4026 potissimum
408 3955 562 4011 rationibus
590 3957 637 4013 vix
665 3973 747 4026 posse
776 3957 870 4026 aptius
896 3956 1015 4013 inveniri
1038 3958 1175 4015 videatur.
1213 3957 1346 4024 Quamvis

204 4045 279 4101 enim
298 4045 434 4100 subitaria
452 4060 538 4114 opera
556 4045 716 4101 incohatam
735 4047 847 4100 tautum
861 4047 947 4115 atque
965 4047 1065 4102 leviter
1084 4046 1278 4102 adumbratam
1296 4061 1345 4114 po·

202 4132 258 4187 tius
281 4151 365 4202 quam
388 4135 471 4202 plene
494 4133 663 4203 descriptam
687 4133 923 4202 praestantissimi
945 4135 997 4189 viri
1026 4135 1178 4206 imaginem
1205 4132 1344 4188 habeatis:

203 4223 266 4288 (nec
284 4220 360 4275 enim
379 4221 508 4275 secundis
528 4221 600 4274 ouria
619 4220 768 4289 quicquam
787 4222 890 4276 mutari
909 4239 961 4292 par
979 4239 1040 4277 esse
1059 4222 1211 4292 dommum)
1235 4224 1266 4276 at
1283 4237 1345 4276 eam

202 4309 328 4378 habetis,
351 4327 434 4377 quam
453 4311 590 4379 perpetuo
608 4308 755 4378 intuendo,
779 4327 842 4364 curn
865 4311 1049 4366 admiratione
1067 4311 1225 4366 venerando
1244 4311 1273 4364 et
1295 4327 1346 4379 pro

202 4397 279 4454 virili
302 4400 383 4469 parts
405 4397 572 4455 aemulando
591 4397 638 4453 vix
655 4396 807 4452 videamini
825 4400 871 4454 vel
890 4399 970 4455 vobis
988 4400 1034 4455 vel
1052 4400 1149 4454 virtuti
1170 4400 1215 4455 vel
1234 4401 1346 4455 veritati

201 4505 283 4559 posse
302 4487 470 4544 safislaeere.
502 4487 623 4542 valete)
650 4484 679 4541 C.
698 4485 755 4554 W.]
