3306 5070
362 409 369 419 “
474 429 768 478 orrarunarrousr
792 430 866 477 nun
889 414 1098 476 turnucum.
1295 411 1358 474 713

217 571 312 655 phiae
330 573 496 657 professor
514 573 663 658 publicus
683 572 875 658 ordinarius,
897 592 1007 636 eorum
1027 593 1177 636 sensnum
1201 571 1358 654 interpres

217 678 341 763 existet,
365 703 446 764 quos
470 702 535 744 non
559 680 745 745 dubitamus
769 680 847 764 quin
871 683 905 744 et
927 678 1097 744 nobiscum
1120 682 1244 743 etcum
1265 677 1358 742 bonis

217 785 366 850 omnibus
390 808 428 850 ex
452 787 560 853 animo
584 787 836 852 communicetis.
881 785 1006 851 Valete.

304 892 471 959 Dabamus
494 894 628 960 Bonnae
652 893 763 958 Idibus
789 891 883 958 Maiis
907 914 935 957 a.
959 907 1200 958 cloracccnxn.

765 1179 814 1244 15.

513 1321 611 1386 Zwei
635 1321 1062 1407 Relegatiouspatente.

774 1540 802 1582 a.

305 1640 538 1705 Vniversitatis
570 1640 764 1707 Fridericiae
793 1641 985 1707 Guilelmiae
1012 1640 1189 1706 Rhenauae
1206 1639 1217 1723 ΙΙ
1241 1639 1360 1703 Rector

218 1753 251 1814 et
273 1746 421 1814 Senatus.
449 1747 460 1831 ΙΙ
487 1746 568 1816 Cum
601 1747 704 1814 multa
736 1749 770 1813 iu
803 1748 974 1814 academiis
1012 1747 1200 1812 iuvenilium
1238 1745 1359 1810 animo·

215 1877 288 1919 rum
311 1859 368 1920 aut
391 1855 506 1918 levitas
530 1859 587 1918 aut
609 1854 718 1919 ferror
741 1855 873 1940 gignere
902 1857 1035 1939 peccata
1058 1853 1175 1936 soleat,
1199 1872 1281 1936 qnae
1303 1873 1358 1934 pa·

217 1961 317 2026 ternis
345 1960 621 2026 admonitionibus
654 1961 793 2026 coerceri
821 1965 879 2026 aut
905 1961 1083 2027 lenioribus
1112 1958 1288 2024 secundnm
1316 1957 1360 2021 le

216 2088 292 2152 gum
316 2067 468 2132 instituta
490 2066 603 2152 poenis
628 2067 780 2152 castigari
800 2067 880 2132 satis
899 2073 958 2150 est,
982 2089 1092 2130 rursus
1112 2065 1177 2130 alia
1195 2068 1262 2130 tam
1283 2068 1360 2129 sunt

215 2173 409 2258 importuna,
431 2177 500 2237 tam
524 2173 677 2259 opposita
699 2173 826 2258 legibus
851 2172 1001 2240 omnibus
1025 2176 1123 2256 atque
1142 2193 1162 2235 a
1181 2171 1262 2236 bene
1286 2191 1359 2234 con·

216 2280 333 2344 stituta
356 2279 489 2344 civitate
513 2279 633 2363 aliena,
660 2284 696 2346 ut
720 2278 998 2344 animadvertendi
1023 2277 1229 2342 severitatem
1252 2277 1360 2342 inexo-

214 2386 351 2452 rabilem
377 2409 444 2452 nou
473 2387 630 2452 suadeant
657 2391 799 2472 tantum,
832 2387 888 2452 sed
912 2386 1080 2470 postulent
1104 2383 1359 2469 efflagitantque.

215 2491 253 2557 Iu
281 2493 398 2578 quibus
425 2492 522 2558 facile
548 2494 753 2578 intellegitur
783 2498 914 2578 praeter
935 2497 1042 2559 cetera
1065 2492 1146 2557 illud
1170 2511 1254 2574 esse,
1286 2512 1359 2555 cum

215 2600 465 2684 magistratuum
488 2601 585 2684 iussa,
608 2622 709 2684 eaque
733 2600 795 2684 ipsi
813 2600 923 2685 legum
942 2598 1129 2664 auctoritati
1148 2595 1267 2681 innixa,
1292 2619 1358 2662 non

216 2705 327 2790 aliqua
354 2707 406 2771 vel
433 2695 639 2792 neglegentia
666 2706 718 2771 rel
746 2706 998 2790 intemperantia
1025 2704 1222 2788 migrantur,
1253 2704 1308 2768 sed
1340 2727 1359 2770 a

217 2811 391 2876 scientibus
421 2817 454 2877 et
480 2813 664 2878 volentibus
691 2812 871 2878 illuduntur
897 2812 968 2897 pari
995 2810 1188 2876 insolentiae
1215 2811 1359 2877 libidine.

214 2917 328 3001 Itaque
357 2939 429 2982 cum
457 2939 559 3002 nuper
586 2939 725 3002 pompae
752 2918 900 3003 publicae
930 2919 1107 2982 nocturnae
1139 2917 1360 3001 sollemnitati,

215 3024 345 3107 qualem
372 3024 442 3090 fieri
470 3023 535 3088 nisi
562 3023 657 3088 venia
683 3023 859 3108 impetrata
886 3025 976 3108 leges
1004 3026 1130 3107 vetant,
1163 3023 1311 3107 quamvis
1339 3047 1359 3089 a

216 3151 342 3194 summo
366 3129 588 3194 universitatis
614 3131 808 3213 magistratu
836 3130 1014 3216 denegatae
1038 3135 1070 3194 et
1094 3130 1237 3215 graviter
1261 3131 1358 3196 inter-

215 3235 335 3320 dictae,
368 3241 479 3301 tamen
512 3255 630 3320 magna
656 3257 714 3321 per
741 3237 854 3301 urbem
887 3237 1146 3302 concurrentium
1177 3236 1359 3322 frequentia

215 3347 256 3427 et,
279 3342 364 3428 quod
385 3343 521 3408 vetitum
541 3346 611 3408 erat
629 3343 800 3426 imprimis,
823 3343 912 3408 tibiis
931 3345 1084 3429 tubisque
1102 3344 1378 3425 concinentibus,

215 3449 310 3522 locus,
333 3451 428 3516 datus
453 3455 553 3515 esset:
590 3449 658 3514 eius
682 3453 792 3516 autem
814 3451 1068 3534 pertinacissimi
1090 3450 1243 3516 facinoris
1267 3473 1358 3534 prae·

214 3554 326 3640 cipuns
358 3555 490 3640 quidam
520 3561 632 3622 auctor
662 3559 696 3621 et
724 3579 783 3621 suo
813 3561 847 3622 et
878 3557 1015 3623 aliorum
1039 3556 1235 3622 testimoniis
1260 3579 1357 3642 appa-

214 3663 332 3727 ruisset
350 3664 360 3747 ΙΙ
378 3661 419 3729 Ν.
436 3663 472 3730 Ρ.
489 3662 500 3745 ΙΙ
517 3662 711 3748 Kempensis
728 3662 740 3745 ΙΙ
758 3663 936 3728 medicinae
960 3663 1137 3728 studiosus:
1155 3664 1165 3747 ΙΙ
1183 3663 1270 3728 hunc
1292 3685 1357 3729 non

215 3770 379 3854 potuimus
408 3769 487 3854 quin
513 3770 623 3856 legum
651 3769 839 3835 auctoritati
866 3769 1026 3854 huiusque
1049 3769 1271 3835 universitatis
1295 3771 1358 3834 exi·

215 3875 394 3940 etimationi
424 3875 604 3942 consulturi
632 3899 652 3941 a
680 3876 798 3942 civium
825 3879 1012 3942 nostrorum
1037 3877 1192 3942 societate
1216 3897 1356 3940 remove·

214 4001 322 4044 remus
346 3985 379 4044 et
402 3981 443 4045 ab
466 3981 527 4046 hac
549 3983 732 4048 litterarum
756 3982 831 4048 sede
854 3982 1080 4068 relegeremus.
1115 3981 1206 4059 Quod
1229 3985 1267 4046 ut
1290 4005 1356 4047 om·

215 4107 282 4169 nes,
305 4107 442 4169 quorum
465 4087 609 4170 interest,
633 4092 832 4173 cognoscant
851 4092 1044 4174 strenueque
1063 4089 1247 4156 vindicatae
1265 4089 1357 4154 disci-

213 4191 322 4276 plinae
345 4191 511 4277 publicum
534 4192 762 4258 documentum
785 4199 901 4282 exstet,
923 4196 1133 4284 relegationis
1156 4196 1305 4283 exempla
1324 4201 1357 4261 et

214 4297 334 4363 nostris
363 4297 467 4362 valvis
496 4297 587 4382 affigi
615 4302 649 4362 et
676 4321 748 4363 cum
777 4303 891 4366 ceteris
920 4303 1094 4369 academiis
1126 4304 1187 4370 hoc
1219 4297 1356 4368 consilio

214 4404 388 4470 foederatis
421 4403 654 4470 communicari
685 4405 848 4471 iussimus.
914 4408 1053 4499 ligimus
1076 4409 1210 4478 Bonnae
1240 4412 1270 4477 d.
1293 4409 1356 4476 VH

213 4535 256 4578 m
278 4509 374 4578 Mart
397 4533 425 4577 a.
449 4527 790 4579 crorooecxxxxvmr.
