3306 5070
311 378 375 441 704
537 393 767 442 aurnrurscrrs
789 379 1009 459 assentior,
1032 392 1224 459 snasssas,

308 536 376 602 sire
400 558 518 622 magno
543 538 724 621 stolidoque
747 537 887 602 elamore
906 539 1074 620 parantur,
1097 557 1134 600 eo
1153 535 1299 620 profecto
1318 536 1455 601 laetiore

310 644 411 708 animi
441 645 558 710 affectu
589 665 690 731 eoque
718 643 852 709 fortiore
883 665 1035 708 sensuum
1064 643 1293 708 testificatione
1325 665 1456 710 consen·

308 755 441 817 tansum
471 755 522 816 est
550 752 630 816 talia
657 751 829 816 sollemnia
855 750 1039 816 academica
1066 773 1086 816 a
1113 750 1206 816 bonis
1239 750 1391 816 omnibus
1423 753 1457 814 et

311 858 415 942 excipi
444 861 476 922 et
503 857 735 943 concelebrari,
766 857 875 943 qualia
901 879 976 922 raro
1005 857 1156 923 fortunae
1184 856 1342 922 beneficio
1371 855 1457 920 intra

311 965 413 1030 trium
435 965 611 1030 lustrorum
636 965 777 1051 spatium
801 964 881 1030 haec
904 968 994 1030 aetas
1013 986 1092 1029 sena
1110 963 1205 1030 vidit:
1229 963 1458 1048 Erlangensia,

311 1070 560 1156 Regimontana,
585 1070 784 1155 Gryphiana,
807 1069 1050 1158 Friburgensia,
1074 1071 1231 1156 lenensis,
1253 1069 1457 1136 Basiliensia.

313 1176 437 1253 Quibus
461 1199 542 1263 quae
560 1200 646 1243 nuno
666 1177 804 1263 septima
823 1177 977 1242 accedunt
995 1177 1221 1244 Berolinensia
1235 1176 1365 1260 Vestra,
1384 1198 1458 1240 cum

309 1307 329 1350 a
353 1285 510 1368 singulari
534 1285 706 1369 splendore
730 1306 788 1348 suo
813 1305 880 1349 non
903 1285 1031 1368 possint
1053 1307 1120 1352 non
1139 1284 1307 1350 universae
1326 1283 1454 1368 patriae

309 1390 398 1456 cordi
426 1412 497 1455 esse
525 1396 655 1474 praeter
682 1395 803 1474 cetera,
830 1396 900 1456 tum
924 1391 1028 1456 multo
1052 1391 1151 1456 etiam
1175 1391 1309 1476 propius
1332 1389 1374 1454 ad
1396 1409 1458 1454 nos

310 1497 519 1583 potissimum
548 1499 741 1580 nostrasque
767 1495 911 1561 rationes
940 1496 1100 1580 pertinere
1128 1499 1276 1580 apertum
1304 1498 1369 1577 est,
1401 1495 1459 1578 qui
1540 1549 1547 1562 .

310 1601 510 1669 condicionis
534 1603 807 1686 consiliorumque
831 1601 985 1668 societate
1003 1600 1181 1668 Vobiscum
1206 1600 1460 1668 coniunctissimi

309 1709 350 1775 ad
375 1710 510 1775 eundem
534 1711 632 1776 finem
656 1708 927 1775 contenderimus.
968 1706 1054 1773 Nam
1078 1713 1111 1774 et
1134 1729 1336 1774 communem
1361 1707 1460 1792 origi-

311 1837 386 1882 nem
408 1815 587 1882 Fridericia
602 1815 778 1882 Guilelmia
794 1813 915 1880 Vestra
938 1819 972 1880 et
994 1816 1075 1882 haec
1090 1815 1267 1882 Fridericia
1285 1813 1461 1880 Guilelmia

310 1922 470 1990 Rhenana
491 1923 574 2007 ipsis
597 1922 785 1988 nominibus
813 1925 971 1987 testamur
999 1921 1225 2008 augustissimi
1253 1920 1461 2004 eiusdemque

310 2029 607 2095 munificentissimi
635 2028 813 2096 conditoris
843 2029 1024 2094 immortali
1058 2028 1233 2094 memoriae
1265 2026 1395 2108 dicatis,
1426 2031 1461 2092 et

311 2135 459 2202 laborum
483 2159 557 2202 cum
581 2136 790 2202 difficultates
814 2139 884 2200 tum
903 2137 1048 2220 praemia
1067 2136 1139 2202 ideo
1159 2135 1326 2201 simillima
1343 2133 1458 2200 habui·

311 2265 392 2325 mus,
415 2243 502 2329 quod
523 2247 689 2328 tamquam
712 2241 974 2307 adulescentibus
996 2265 1034 2308 ac
1052 2243 1303 2328 pubescentibus
1328 2263 1457 2308 concer-

237 2413 247 2438 ,
311 2350 446 2415 tandum
470 2351 534 2415 fuit
558 2371 631 2414 cum
654 2354 705 2415 tot
728 2350 802 2414 aliis
822 2371 879 2433 per
898 2349 1107 2416 Germaniam
1126 2349 1293 2416 Musarum
1317 2347 1456 2430 sedibus,

310 2478 376 2521 non
405 2456 663 2541 senescentibus,
692 2456 747 2520 sed
776 2477 949 2540 annorum,
978 2456 1079 2522 immo
1108 2457 1310 2522 sacculorum
1334 2455 1461 2541 longin-

311 2563 437 2646 quitate
466 2562 613 2646 maturis,
646 2562 701 2627 sed
733 2563 858 2628 meritis
890 2563 1037 2646 quaesita
1066 2563 1261 2628 auctoritate
1290 2561 1456 2657 gravibus,

312 2669 369 2736 sed
392 2669 502 2734 debito
526 2670 639 2736 virtuti
662 2669 784 2735 honore
807 2669 992 2737 cumulatis.
1031 2670 1135 2746 Quem
1153 2669 1373 2735 contentionis
1391 2689 1463 2734 cur·

311 2799 383 2842 sum
405 2776 502 2861 longe
524 2775 748 2841 nobilissimae
772 2781 894 2861 quauta
926 2775 996 2842 Vos
1018 2775 1147 2862 quidem
1170 2797 1244 2842 cum
1272 2775 1378 2862 gloria
1405 2797 1464 2860 per

311 2881 429 2947 horum
460 2882 568 2947 decem
601 2883 778 2949 lustrorum
812 2883 1066 2949 continuitatem
1097 2882 1137 2948 ad
1167 2882 1464 2969 praeclarissimum

310 2989 345 3054 in
373 2989 488 3073 quovis
518 2993 551 3054 et
579 2990 744 3056 doctrinae
773 2995 806 3055 et
833 2989 1015 3056 honestatis
1044 2994 1077 3054 et
1107 2989 1322 3056 humanitatis
1345 3009 1463 3074 genere

313 3096 478 3180 exemplar
506 3094 702 3182 direxeritis,
730 3119 802 3163 oum
832 3097 983 3182 persequi
1006 3096 1140 3183 longum
1164 3100 1214 3161 est
1238 3101 1307 3161 tum
1330 3095 1365 3160 in
1388 3117 1463 3179 pro·

311 3203 427 3286 patulo
451 3203 596 3287 positum
620 3205 845 3288 communique
863 3203 1009 3269 cultioris
1028 3203 1179 3288 Europae
1199 3225 1359 3269 consensu
1377 3224 1462 3268 com·

311 3310 496 3392 probatum.
543 3308 670 3375 Tantae
698 3311 800 3396 igitur
827 3313 960 3394 tamque
984 3311 1119 3374 eximiae
1149 3310 1255 3375 laudis
1279 3308 1463 3392 admiratio,

311 3416 484 3480 accedente
520 3417 710 3482 invitatione
743 3417 863 3482 Vestra
898 3417 1219 3502 benevolentissima,
1252 3439 1332 3482 non
1350 3419 1462 3500 potest

311 3542 378 3585 non
402 3520 487 3584 hanc
511 3522 575 3586 vim
600 3521 732 3608 habere,
763 3525 840 3608 quin
863 3528 1067 3610 praesentem
1091 3524 1281 3590 felicitatem
1304 3522 1460 3588 Vestram

314 3630 347 3691 et
377 3627 475 3691 officii
506 3650 634 3712 caussa,
665 3629 751 3714 quod
782 3651 852 3694 esse
884 3630 1123 3696 sanctissimum
1156 3631 1327 3715 sentimus,
1358 3634 1392 3694 et
1423 3651 1463 3694 ex

314 3733 415 3798 animi
444 3735 620 3819 sententia,
648 3757 711 3820 quo
738 3736 832 3801 nobis
861 3735 925 3821 ipsi
953 3737 1034 3802 setis
1063 3737 1234 3820 faciamus,
1255 3735 1359 3802 Vobis
1388 3757 1464 3802 con-

314 3840 525 3925 gratulemur,
545 3842 696 3926 omnique
710 3841 868 3926 religione
882 3840 987 3908 Deum
1002 3841 1170 3926 Optimum
1185 3841 1363 3908 Maximum
1378 3865 1466 3909 com-

316 3968 496 4031 precemur,
524 3944 574 4014 uti
602 3949 637 4013 in
665 3948 847 4013 illustribus
876 3948 1133 4014 illustrissimam
1156 3947 1364 4016 Fridericiam
1387 3947 1464 4014 Gui-

316 4053 471 4139 lelmiam,
494 4077 569 4120 vere
593 4055 684 4141 regio
707 4055 844 4121 consilio
868 4055 955 4120 inter
978 4061 1161 4141 temporum
1185 4057 1465 4143 iniquissimorum

315 4158 504 4226 discrimina
533 4161 612 4226 olim
641 4161 840 4246 institutam,
870 4183 928 4227 sua
951 4164 1061 4228 autem
1084 4163 1203 4228 virtute
1225 4167 1293 4228 tam
1317 4162 1405 4228 clara
1428 4162 1465 4227 in

316 4267 386 4332 luce
418 4267 484 4332 iam
518 4269 723 4352 collocatam,
756 4273 864 4334 servet
896 4267 1036 4353 sospitet
1065 4269 1225 4335 secundet
1271 4267 1324 4334 Sic
1354 4273 1464 4334 autem

314 4395 387 4436 cum
416 4373 618 4439 celebrandis
647 4397 667 4438 a
690 4373 793 4439 Vobis
822 4397 879 4458 per
906 4375 1072 4459 proximos
1096 4376 1164 4440 dies
1188 4377 1287 4442 sacris
1311 4376 1465 4442 semisae·

314 4477 478 4544 sularibus
502 4481 566 4544 iam
591 4503 690 4564 nunc,
721 4481 805 4564 quod
830 4481 949 4547 bonum
974 4481 1052 4546 felix
1075 4482 1219 4548 faustum
1243 4482 1463 4550 fortunatum·
