3318 5072
340 361 405 428 514
630 379 888 430 eaonncouans
911 378 959 429 os
983 381 1192 431 asrmmsvs

428 507 640 610 sldulescens,
672 526 749 592 cedo
782 527 857 591 dum
889 525 975 592 istuc
1007 549 1122 592 aurum
1154 524 1245 592 mssri.
1297 526 1390 604 Quod
1422 548 1483 614 ego

977 657 1091 700 aurum
1115 634 1224 720 de'm*)
1248 632 1333 701 tibi?

337 774 471 840 Nullam
499 777 565 840 vim
592 776 692 842 habet
718 777 803 862 quod
832 777 895 842 levi
918 778 1011 860 lapsu
1035 777 1160 842 librarii
1184 779 1273 843 solua
1297 778 1482 848 Ambrosia·

336 905 397 949 nus
421 883 554 948 exhibet
575 905 604 949 v.
630 883 729 948 1071:
757 882 859 948 Satiu'
886 883 982 948 omelia
1008 903 1069 966 090,
1097 906 1156 968 pro
1180 883 1283 950 soria
1309 905 1362 968 oye
1389 885 1484 950 omlis

335 991 371 1055 in
394 1012 458 1075 qua
481 991 643 1075 positione
662 989 780 1075 reliqui
798 990 924 1056 codices
944 991 1155 1056 consentiunt.
1194 991 1253 1056 Sat
1270 997 1358 1057 certa
1377 1013 1481 1057 emen-

336 1099 466 1164 datione
497 1098 577 1163 mihi
607 1098 720 1164 videor
747 1121 777 1163 v.
799 1099 865 1162 264
896 1099 1094 1164 emaculasse
1123 1099 1312 1164 audendus
1340 1100 1482 1184 reposito

337 1227 396 1290 pro
420 1205 621 1271 omnemne:
645 1227 704 1270 nec
727 1205 814 1270 enim
839 1205 915 1270 ullis
939 1205 1099 1271 machinis
1118 1205 1238 1272 efficies
1257 1211 1295 1270 ut
1313 1211 1399 1272 reete
1419 1206 1481 1270 dici

229 1313 466 1394 ecxo1procul
491 1312 635 1378 αάὶιῶενε
661 1333 797 1377 ammeta
825 1312 986 1397 credatur,
1014 1334 1097 1398 quae
1125 1313 1188 1377 sibi
1216 1313 1352 1379 adversa
1374 1313 1481 1378 fronte

334 1423 525 1506 repugnant.
570 1419 623 1485 Me
651 1421 754 1486 invito
783 1420 931 1485 relictum
958 1423 1008 1484 est
1035 1442 1064 1485 v.
1087 1419 1155 1484 1927
1186 1420 1227 1484 ab
1257 1419 1354 1485 initio
1381 1423 1480 1484 tetra·

334 1527 431 1592 metri
458 1527 545 1592 Mihi
573 1525 783 1611 numana:
812 1549 870 1611 pro
898 1549 962 1612 quo
990 1549 1056 1592 non
1084 1526 1197 1592 dubito
1226 1527 1268 1592 ab
1292 1526 1478 1590 Hermanno

333 1634 535 1719 propositum
568 1633 729 1700 Lustratur
759 1634 837 1699 mihi
869 1634 1030 1720 amplecti.
1080 1633 1166 1699 Nam
1199 1638 1236 1696 ut
1267 1655 1333 1698 non
1365 1635 1479 1718 quovis

333 1746 429 1824 pacto
454 1746 486 1806 et
511 1741 580 1806 sine
604 1741 692 1806 omni
712 1740 1077 1828 exceptione‘reicicnda
1096 1739 1140 1805 sit
1158 1739 1386 1823 monosyllaba
1404 1743 1480 1804 ante

334 1851 566 1913 consonantem
594 1850 643 1912 mi
671 1848 788 1932 forma,
816 1851 927 1913 tamen
950 1847 1051 1911 multo
1076 1847 1174 1910 etiam
1198 1846 1317 1910 certius
1341 1849 1479 1910 estnon

332 1955 446 2038 quovis
469 1954 565 2020 modo
584 1959 618 2019 et
636 1955 706 2019 aine
724 1955 793 2020 ulla
812 1955 960 2020 cautione
979 1953 1179 2036 probandam
1198 1974 1276 2018 esse.
1313 1950 1476 2018 Confiteor

332 2061 483 2146 equidem
509 2062 653 2127 nondum
681 2065 751 2126 tam
779 2065 867 2126 certo
896 2061 977 2125 mihi
1004 2057 1043 2126 de
1071 2063 1122 2124 sat
1148 2059 1274 2124 lubrica
1296 2059 1358 2124 hac
1380 2081 1475 2144 quae-

332 2168 437 2232 stione
465 2172 613 2234 constare
640 2172 691 2252 ut,
719 2169 804 2234 sitne
832 2168 890 2233 illa
917 2168 1048 2232 omnino
1077 2167 1185 2251 aliqua
1212 2166 1398 2232 condicione
1421 2166 1474 2230 ad·

331 2275 434 2340 missa
456 2298 497 2339 an
521 2279 708 2341 constanter
730 2274 899 2359 repudiata
921 2275 953 2341 in
978 2273 1158 2358 comoedia,
1185 2273 1322 2337 audeam
1345 2272 1477 2337 definire

332 2379 557 2446 confidentius:
580 2404 691 2448 verum
715 2383 743 2447 ai
768 2381 863 2448 modo
887 2385 937 2446 est
961 2380 1110 2463 admissa,
1134 2380 1173 2444 de
1192 2379 1383 2444 admittendi
1404 2401 1478 2444 con-

331 2487 456 2554 dicione
478 2489 540 2554 hoc
563 2489 674 2554 videor
698 2488 861 2553 affirmare
884 2509 990 2572 posse,
1014 2491 1049 2551 ut
1073 2487 1114 2552 ab
1138 2487 1203 2551 arsi
1227 2486 1389 2551 exclusam
1414 2485 1478 2550 soli

331 2614 402 2658 esse
429 2593 515 2658 thesi
544 2595 750 2660 tribuendam
778 2593 971 2679 dicam.***)
1017 2595 1062 2658 Et
1091 2596 1125 2658 in
1155 2595 1239 2658 thesi
1263 2593 1392 2678 quidem
1417 2615 1478 2658 nec

331 2696 478 2765 Catullus
502 2701 628 2786 defugit
650 2703 700 2767 vel
724 2703 758 2766 in
781 2701 919 2766 iambico
944 2723 1037 2766 versu
1060 2699 1225 2784 XXXVII,
1252 2705 1304 2765 ll:
1467 2694 1469 2698 ’

418 2861 532 2927 Puella
554 2862 707 2952 nammi,
731 2884 812 2947 quac
837 2883 907 2927 meo
933 2862 1005 2926 sinu
1030 2860 1123 2946 fugit,

330 3021 380 3086 vu
405 3021 438 3084 a
462 3022 533 3087 asi
557 3022 597 3106 v,
621 3023 649 3088 u,
672 3021 711 3102 x,
734 3023 791 3087 21:

418 3162 469 3227 Da
492 3164 536 3228 mi
560 3165 653 3229 basia
675 3164 772 3242 mille,
795 3163 910 3228 deinde
933 3166 1071 3228 centum,

417 3267 463 3332 At
487 3269 531 3332 mi
555 3268 663 3334 nullus
687 3274 759 3334 erat
781 3291 885 3354 neque
909 3269 962 3334 hic
985 3289 1089 3353 neque
1113 3268 1188 3333 illic

328 3405 391 3473 Sed
414 3413 449 3474 in
473 3411 537 3474 arsi
557 3411 708 3494 dactylici
728 3412 856 3476 demum
875 3415 992 3496 poetae
1012 3409 1166 3475 ascivisse
1186 3409 1343 3475 videntur.
1380 3409 1473 3476 Vnde

328 3516 428 3580 semel
451 3517 536 3581 idem
560 3514 707 3582 Catullus
731 3516 860 3602 LXXII,
884 3519 916 3582 6:

361 3697 365 3706 ·
417 3657 522 3723 Multo
547 3659 591 3722 mi
615 3663 723 3724 tamen
749 3682 782 3724 es
805 3661 904 3725 uilior
927 3663 960 3724 et
982 3660 1099 3724 leuior:

327 3803 361 3863 et
374 3797 499 3865 Ennius
514 3802 598 3886 apud
616 3801 816 3868 Macrobium
833 3801 899 3867 Sat.
914 3803 970 3886 VI,
989 3806 1017 3886 1,
1040 3799 1230 3867 Ciceronem
1246 3800 1284 3864 de
1299 3800 1398 3884 0ff.1‚
1416 3802 1471 3866 12:

327 3963 474 3972 ....—-„.-...
526 3966 533 3970 .

414 4048 518 4118 ⁸)[eqo
541 4049 600 4104 dem
623 4065 809 4104 ammaum
833 4049 993 4104 Hermanno
1017 4049 1189 4103 Bitschelius
1212 4047 1292 4102 dedit
1312 4047 1419 4102 addens
1442 4047 1471 4102 in

325 4133 368 4191 ed.
386 4137 451 4192 alt:
481 4138 543 4208 ‘pro
566 4155 621 4206 quo
647 4141 743 4194 tamen
765 4138 851 4193 etiam
874 4139 933 4194 de'm
957 4154 1004 4208 eqo
1028 4154 1129 4192 aarum
1153 4136 1198 4191 vel
1222 4153 1322 4191 aarum
1347 4152 1394 4206 cyo
1412 4135 1471 4190 dem

324 4222 442 4291 licebat3
461 4241 508 4295 eqo
522 4243 622 4282 aarum
635 4227 695 4281 dem
709 4228 757 4296 qui
770 4227 844 4282 tueri
858 4227 943 4296 volet,
962 4228 1000 4282 rai
1018 4242 1068 4296 pro
1086 4225 1155 4280 melu
1172 4224 1278 4280 scribat
1290 4240 1404 4280 necesse
1419 4228 1470 4292 est,

324 4315 441 4368 accentu
459 4315 488 4368 in
506 4314 567 4384 ipso
586 4315 640 4370 fine
659 4315 815 4371 sententiae
833 4315 881 4369 vir
899 4315 1073 4385 probabili']

395 4401 437 4470 **)
458 4403 596 4474 [Reliquit
614 4405 644 4459 in
662 4403 705 4458 cd.
719 4404 768 4460 alt
787 4403 957 4459 Ritschelius
976 4421 1040 4458 cum
1059 4402 1155 4458 Reisio
1173 4405 1212 4458 mi
1231 4404 1373 4472 scribens]

378 4487 435 4557 m)
455 4490 507 4559 [ef.
528 4489 629 4559 Opusc.
649 4491 718 4560 phil.
738 4492 763 4546 ll
781 4509 808 4560 p.
829 4493 966 4560 588³qu
