3306 5070
612 429 843 478 nurnrmsons
866 430 995 476 sensu.
1307 415 1370 478 681

228 571 447 654 Humboldtii,
462 570 587 656 Steinii,
606 569 857 638 Scharnhorstii.
886 572 998 658 ltaque
1018 573 1143 638 iuvabit
1161 573 1256 638 hodie
1276 573 1317 638 ad
1336 595 1374 637 ea

228 677 344 762 optimi
373 672 530 761 principis
552 678 699 744 facinora
722 679 867 744 animum
891 679 1070 763 advertere,
1098 701 1277 764 quaecum
1300 701 1372 744 nos·

228 785 288 849 tris
317 785 523 867 potissimum
552 787 733 852 rationibus
757 785 903 870 proximo
927 786 1057 852 vinculo
1088 786 1261 851 coniuncta
1289 791 1372 851 sunt.

226 889 359 954 Etenim
387 890 472 975 quod
500 890 644 974 priorum
672 895 816 958 aetatum
844 891 1002 957 memoria
1031 895 1064 956 et
1093 892 1243 976 plurimis
1273 896 1305 956 et
1327 893 1373 958 in·

228 996 425 1083 signieribus
450 997 604 1082 exemplis
629 997 746 1081 docuit,
769 998 802 1063 id
825 1020 885 1064 nos
905 1020 1032 1084 quoque
1052 998 1235 1082 experimur
1254 1021 1373 1085 magno

227 1103 397 1168 commodo
421 1106 547 1167 nostro:
571 1107 616 1188 ut,
640 1125 703 1189 quo
727 1103 874 1170 tristiora
896 1109 1043 1190 tempora
1067 1105 1147 1187 sint,
1171 1105 1212 1170 ad
1236 1127 1372 1190 quorum

227 1209 486 1274 emendationem
514 1209 625 1275 nullae
656 1211 724 1276 sint
752 1210 951 1295 privatorum
980 1211 1148 1277 hominum
1176 1217 1301 1297 partes,
1333 1234 1371 1277 eo
1502 1223 1505 1230 ’

226 1315 357 1400 gravior
380 1314 420 1380 ad
445 1315 560 1382 horum
579 1317 705 1382 animos
725 1317 908 1402 placandos,
931 1318 1156 1402 consolandos,
1181 1318 1372 1385 recreandos

192 1431 197 1444 “
226 1421 274 1486 vis
298 1425 331 1486 et
354 1423 497 1488 efficacia
520 1444 631 1488 eorum
655 1423 836 1490 studiorum
860 1425 1032 1507 sentiatur,
1055 1423 1172 1508 quibus
1197 1448 1216 1489 a
1240 1425 1394 1510 lugubri'

226 1521 401 1614 eademque
428 1531 634 1596 infructuosa
661 1552 770 1598 rerum
797 1532 999 1615 publicarum
1027 1531 1226 1616 cogitatione
1248 1532 1373 1598 abstra-

226 1634 344 1700 hamur
363 1637 455 1702 etad
476 1637 645 1703 laetiorem
664 1633 791 1702 vivendi
811 1637 1030 1704 condicionem
1050 1637 1266 1704 traducamur.
1295 1638 1374 1704 Tale

227 1745 334 1806 autem
357 1742 522 1808 solacium
552 1765 569 1807 e
597 1742 725 1808 liberali
755 1743 874 1808 artium
904 1745 1151 1830 litterarumque
1179 1745 1374 1810 tractatione

227 1847 364 1931 petitum
394 1853 430 1914 ut
456 1849 561 1914 libero
589 1851 623 1913 et
650 1849 777 1914 liberali
806 1847 950 1932 homine,
983 1850 1010 1915 si
1039 1848 1168 1934 quando
1196 1850 1372 1916 necessitas

226 1957 329 2038 urget,
352 1943 554 2040 nequaquam
576 1955 744 2040 indignum
765 1958 824 2039 est,
846 1955 893 2020 ita
917 1977 1059 2022 crescere
1083 1956 1261 2022 multorum
1286 1978 1371 2023 com·

229 2061 381 2126 munione
411 2061 503 2128 solet
549 2061 664 2146 ltaque
692 2062 778 2145 quod
805 2061 900 2128 nobis
928 2061 1005 2127 licet
1027 2085 1044 2126 e
1067 2062 1216 2146 publicae
1240 2063 1369 2128 calami-

226 2167 304 2242 tatis
328 2167 488 2250 angustiis
512 2166 553 2232 ad
581 2167 664 2233 hane
687 2167 910 2236 honestissimi
935 2167 995 2233 otii
1018 2167 1205 2232 laetabilem
1228 2169 1370 2234 fructuo-

226 2281 358 2357 samque
388 2273 579 2338 societatem
602 2273 728 2340 animos
751 2278 880 2339 nostros
904 2278 1092 2358 mentesque
1120 2275 1277 2359 recipere,
1301 2297 1368 2339 eas-

227 2401 287 2462 que
309 2379 459 2464 regiones
478 2380 583 2445 colere
601 2381 635 2444 in
653 2379 771 2465 quibus
790 2379 854 2464 ipsi
869 2380 1078 2466 dominemur,
1095 2381 1216 2446 nullius
1237 2381 1372 2448 arbitrio

227 2484 360 2550 obnoxii
378 2486 539 2571 nullisque
558 2486 621 2552 nisi
640 2485 786 2552 veriatis
805 2486 964 2552 limitibus
984 2487 1228 2572 circumscripti,
1246 2487 1280 2552 id
1299 2512 1372 2575 pro·

226 2591 311 2656 fecto
335 2592 368 2657 in
391 2593 566 2676 praeclaris
590 2590 774 2657 Furorrmm
797 2591 974 2660 leununr
998 2595 1163 2660 beneficiis
1186 2594 1370 2661 habendum

225 2718 296 2762 esse
318 2698 372 2764 vix
397 2720 549 2784 umquam
573 2703 643 2764 tarn
667 2698 833 2766 evidenter
856 2699 928 2784 ipsa
952 2705 1113 2785 tempora,
1142 2723 1239 2786 quam
1261 2703 1295 2767 in
1318 2702 1370 2767 his

225 2826 309 2888 quae
331 2804 426 2870 hodie
450 2828 509 2890 per
523 2805 730 2870 Germaniam
754 2806 905 2872 obtinent
928 2806 1077 2890 miseriis
1100 2807 1277 2874 docuerunt
1299 2830 1369 2892 per·

227 2915 467 2996 suaseruntque.
514 2910 606 2988 Quod
636 2911 825 2976 beneficium
852 2912 985 2978 tametsi
1012 2913 1132 2978 scimus
1160 2935 1226 2979 non
1254 2918 1367 2980 nostra

225 3017 354 3101 privata
378 3040 492 3084 caussa
514 3017 671 3085 collatum
695 3039 774 3101 esso,
798 3018 854 3084 sed
877 3018 917 3083 ad
942 3019 1085 3084 rationes
1104 3020 1273 3086 universas
1293 3021 1369 3087 civi·

227 3123 314 3208 tatis,
338 3125 499 3210 eeclesiae,
522 3124 609 3190 vitae
633 3123 831 3190 adiuvandas
856 3125 1123 3211 adornandaeque
1143 3130 1298 3212 spectare,
1321 3131 1367 3193 ta-

226 3252 299 3295 men
327 3230 404 3314 quid
433 3232 570 3316 impedit
597 3233 780 3317 quominus,
802 3254 884 3316 quae
907 3235 1037 3318 praeter
1058 3233 1224 3316 publicam
1248 3235 1369 3301 utilita-

226 3339 292 3402 tem
321 3336 411 3402 illinc
439 3338 536 3403 etiam
567 3339 694 3423 privata
716 3337 888 3404 commoda
910 3339 1105 3424 redundant,
1136 3339 1183 3405 eis
1207 3343 1245 3405 ut
1267 3341 1370 3408 subsi-

228 3443 307 3508 civis
341 3449 374 3509 et
406 3444 595 3510 adventiciis
629 3448 722 3530 grato
757 3443 865 3509 animo
897 3445 1067 3511 fruamur?
1120 3447 1159 3512 ln
1196 3446 1371 3531 eodemque

227 3569 345 3633 genere
374 3549 402 3614 si
431 3551 472 3615 ab
501 3550 561 3616 hac
589 3555 703 3616 nostra
727 3549 894 3614 Musarum
925 3551 999 3616 sede
1027 3550 1167 3618 in'alias
1191 3555 1370 3620 communis

226 3655 352 3738 patriae
375 3661 485 3741 partes
509 3657 620 3723 oeulos
644 3657 912 3740 converterimus,
939 3657 1035 3742 longe
1059 3657 1158 3724 etiam
1182 3660 1311 3726 uberior
1333 3685 1371 3727 ac

225 3760 421 3827 luculentior
457 3762 666 3846 praedicandi
703 3762 938 3847 venerandique
974 3763 1157 3830 Farnnmcr
1194 3766 1370 3834 Gvrunnnss

226 3867 362 3932 materia
387 3869 539 3953 suppetit.
570 3869 717 3954 Namque
736 3869 822 3934 alma
840 3867 1000 3936 Rhenana
1019 3893 1083 3956 quo
1103 3877 1247 3956 tempore
1267 3866 1370 3939 muni·

227 3973 438 4041 licentissime
453 3973 544 4039 Illius
563 3975 700 4042 consilio
720 3974 850 4042 condita
869 3981 927 4061 est,
951 3976 1016 4042 iam
1040 3977 1074 4042 in
1097 3978 1187 4061 pacis
1207 3977 1371 4045 alumnam

226 4076 417 4145 felicitatem
448 4085 481 4146 et
512 4082 783 4166 tranquillitatem
813 4083 949 4148 bellicae
979 4083 1094 4148 turbae
1125 4090 1290 4150 cesserant
1319 4110 1371 4153 ex·

226 4206 384 4270 cassoque
413 4187 557 4251 hostium
585 4187 662 4272 iugo
690 4209 755 4253 non
779 4189 949 4274 pristina
971 4191 1099 4254 tantum
1123 4193 1157 4254 et
1178 4189 1315 4258 libertas
1338 4198 1372 4259 et

226 4294 372 4374 potestas
391 4297 588 4377 recuperata
608 4297 686 4378 erat,
709 4294 765 4359 sed
784 4295 896 4362 eadem
917 4294 1009 4361 novis
1028 4296 1237 4362 incrementis
1257 4299 1372 4383 copiis·

226 4419 288 4481 que
317 4397 489 4484 insigniter
517 4403 620 4465 aucta.
667 4400 713 4466 At
741 4400 775 4466 in
804 4402 979 4466 maximam
1008 4401 1130 4486 Regiae
1162 4403 1371 4472 liberalitatis

225 4503 474 4574 admirationem
498 4506 615 4573 merito
639 4506 827 4596 abripimur,
850 4529 922 4574 cum
945 4508 1004 4574 illa
1027 4511 1176 4593 tempora
1198 4511 1284 4594 apud
1303 4513 1371 4578 ani·
