3338 5072
314 361 379 425 372
601 378 864 428 Pnonscomsss
887 379 936 426 ns
959 379 1167 429 narronravs

314 521 433 586 mirum
465 524 621 606 quantum
659 523 813 588 abutatur
849 522 903 607 qui
940 523 1158 607 geminatas
1196 526 1455 588 consonantes

314 649 426 693 omnes
459 607 645 694 admittere'
663 631 901 714 correptionem
933 630 997 695 sibi
1030 630 1224 715 persuadeat
1257 651 1330 694 cum
1354 628 1391 695 G.
1415 630 1453 695 Δ.

313 732 470 820 Beckero,
498 734 748 820 diligentissimo
777 737 922 822 homine,
952 737 1008 802 sed
1031 737 1122 803 euius
1146 759 1184 801 ea
1207 735 1247 801 de
1270 759 1304 801 re
1327 757 1454 822 perver-

313 841 442 905 sissima
474 841 584 926 opinio
617 841 681 908 fuit
713 841 843 919 Quaest.
878 843 916 908 de
950 866 1030 910 com.
1059 843 1152 910 Rom.
1180 842 1246 909 fab.
1273 866 1304 928 p.
1330 843 1371 908 14
1386 865 1454 928 sqq.

311 944 434 1011 Verum
457 947 519 1014 hoc
542 952 580 1013 ut
602 949 726 1015 confido
749 951 874 1016 nullum
894 950 1096 1016 defensorem
1115 953 1286 1016 nacturum
1306 971 1385 1034 esse,
1408 949 1455 1014 ita

310 1077 351 1119 ne
375 1055 478 1121 multo
502 1057 608 1122 minus
632 1057 760 1142 quidem
784 1058 956 1124 dissimilia
980 1059 1046 1124 veri
1069 1080 1146 1123 vera
1169 1061 1252 1122 sunt.
1284 1056 1379 1124 Nihil
1402 1080 1455 1122 ex·

311 1164 405 1226 terna
428 1164 533 1249 specie
556 1165 769 1250 propinquius
793 1167 845 1232 itte
867 1166 1051 1250 pronomini
1074 1188 1172 1251 quam
1190 1166 1282 1243 illico,
1305 1168 1342 1230 ut
1359 1163 1454 1248 pleri·

312 1290 372 1352 que
401 1270 557 1356 scribunt,
587 1272 637 1338 vel
660 1273 769 1358 potius
792 1275 882 1341 ilico
904 1273 1024 1341 forma:
1057 1273 1147 1338 cuius
1171 1275 1282 1336 tamen
1306 1274 1454 1356 antepas-

310 1375 449 1441 nultima
462 1399 639 1464 numquam
658 1400 723 1444 non
741 1355 937 1464 producitur’.
969 1378 1174 1447 Contrariam
1193 1400 1378 1444 mensuram
1395 1398 1455 1442 nec

310 1481 438 1567 Epidici
462 1506 573 1550 versus
597 1484 659 1570 111,
685 1487 717 1570 1,
740 1487 762 1550 4
784 1509 844 1552 nec
866 1485 981 1552 Militis
1005 1484 1061 1571 IV,
1085 1488 1119 1571 2,
1143 1488 1185 1552 39
1209 1488 1364 1568 testatur,
1395 1505 1454 1550 nec

310 1587 492 1655 Trinummi
506 1592 581 1676 627,
604 1593 661 1658 ubi
681 1615 746 1658 non
765 1595 837 1678 plus
857 1594 1044 1660 offensionis
1062 1599 1112 1660 sta
1129 1595 1200 1659 ilico
1222 1593 1332 1677 habet,
1355 1615 1453 1678 quam

310 1697 445 1763 elisione
469 1699 653 1765 coalescens
677 1702 750 1782 quoi
772 1704 900 1784 imperes
923 1725 952 1768 s.
974 1702 1072 1767 1061:
1097 1700 1230 1767 tametsi
1253 1701 1295 1765 ab
1317 1720 1378 1765 aar
1400 1720 1453 1765 seu

308 1804 476 1887 particulis
509 1805 649 1870 similem
681 1806 856 1872 abhorrere
889 1801 1059 1873 elisionem
1086 1807 1324 1873 concedendum
1356 1803 1453 1894 est*)

194 1933 294 1974 oxum
308 1907 377 1974 Nec
403 1909 485 1975 illud
513 1912 645 1996 mirum,
678 1935 751 1978 cum
778 1913 860 1977 nihil
889 1935 962 1979 eum
990 1915 1042 1980 illc
1067 1914 1258 2000 pronomine
1282 1935 1453 1980 commune

307 2017 428 2083 habeat
450 2018 535 2098 ilico,
559 2018 681 2083 factum
704 2041 743 2084 ex
766 2021 801 2085 in
825 2020 901 2085 loco:
934 2043 993 2104 pro
1018 2041 1082 2106 quo
1106 2042 1239 2106 prorsus
1263 2021 1470 2086 commenti.

308 2125 391 2189 ciam
413 2125 492 2190 elom
515 2125 663 2210 formam,
686 2126 769 2192 miro
793 2126 941 2193 acumine
965 2125 1170 2192 aGulielmio
1185 2124 1337 2192 Verisim.
1351 2126 1394 2212 Π,
1411 2127 1471 2220 13Ι

308 2231 539 2318 excogitatam,
572 2255 638 2298 non
668 2233 773 2298 minus
801 2237 910 2299 eutem
934 2233 1017 2298 miro
1041 2232 1162 2299 iudicio
1186 2257 1205 2298 a
1229 2232 1394 2300 Gronovio
1417 2234 1452 2297 in

307 2333 402 2423 Epid.
425 2337 454 2423 Ι,
480 2341 507 2422 1,
534 2339 595 2403 137
624 2340 810 2424 probatam,
841 2345 962 2406 temere
996 2340 1030 2404 in
1062 2339 1169 2424 ipsum
1203 2339 1356 2405 Plautum
1389 2338 1451 2404 Bo·

306 2445 396 2510 thius
419 2446 588 2511 intulit.-
601 2445 711 2511 Vnum
733 2446 817 2512 illud
835 2446 978 2514 Beckero
1002 2446 1239 2512 concedendum
1259 2451 1317 2532 est,
1341 2468 1451 2532 quam·

307 2572 404 2635 quam
426 2572 492 2616 non
516 2552 643 2618 abhoc
666 2552 795 2618 demum
818 2558 1032 2639 perspectum,
1055 2555 1255 2639 geminatam
1278 2553 1451 2619 llitteram

307 2657 342 2722 in
374 2657 578 2743 longioribus
612 2658 805 2744 quibusdam
836 2660 1003 2726 vocabulis
1033 2661 1204 2727 accedente
1236 2661 1266 2725 vi
1298 2665 1449 2726 accentus

308 2765 544 2849 eorreptionem
567 2788 697 2850 passam
721 2787 804 2850 esse,
832 2769 924 2831 utin
947 2767 1148 2846 simillumae,
1173 2767 1224 2832 oui
1248 2767 1450 2834 simillimum

306 2871 452 2938 sdtillites
475 2871 562 2940 ll‘rin.
586 2897 615 2938 v.
639 2874 713 2957 833,
736 2873 791 2938 ubi
815 2873 1070 2959 transpositione
1094 2873 1262 2939 eominus
1286 2898 1367 2960 opus
1392 2880 1450 2960 est,

308 2979 394 3066 quod
422 2980 502 3045 illud
527 2981 633 3047 estin
656 2981 775 3046 cantici
798 3003 894 3046 versu
917 2981 1099 3047 octonario:
1133 3003 1195 3066 quo
1220 2981 1379 3047 accedunt
1398 3004 1450 3048 su»

300 3086 463 3171 pille'ctitc,
493 3086 695 3169 e'epaptlldto:
732 3109 809 3153 nam
837 3087 876 3152 de
898 3086 1063 3152 cauilletor
1084 3087 1244 3153 cucullatio
1267 3089 1363 3154 aliter
1386 3094 1449 3154 sta-

306 3195 416 3258 tuetur
444 3192 540 3258 infra.
586 3190 648 3257 Sed
677 3215 718 3258 ne
745 3192 827 3259 haee
855 3193 983 3279 quidem
1011 3192 1142 3259 licentia
1165 3193 1251 3258 ultra
1273 3217 1449 3278 pancorum

307 3300 538 3365 vocabulorum
567 3303 656 3364 certa
684 3301 831 3384 exempla
859 3303 1026 3385 evagatur:
1062 3320 1121 3364 nec
1150 3299 1219 3365 ullo
1250 3301 1344 3366 modo
1372 3301 1450 3366 licet

306 3406 437 3470 illorum
464 3406 620 3472 societate
648 3408 736 3472 velut
764 3407 896 3492 testeus,
913 3405 1008 3490 pillis
1030 3406 1316 3492 comprehendere,
1349 3429 1386 3472 ac
1408 3429 1449 3472 ne

395 3652 420 3722 ¹⁸)
443 3653 507 3710 Non
530 3658 626 3711 tamen
649 3655 719 3710 haec
741 3655 835 3725 potius
858 3671 957 3710 caussa
979 3653 1047 3725 fnit,
1075 3669 1124 3709 cnr
1142 3656 1172 3709 et
1189 3673 1215 3709 v.
1234 3661 1287 3710 sle
1305 3657 1336 3710 et
1354 3673 1378 3711 r.
1398 3661 1449 3712 lte

306 3760 340 3797 nc
358 3758 410 3814 pro
428 3759 482 3796 neu
500 3758 707 3814 reponeremus,
725 3762 810 3813 qnam
827 3743 915 3814 ipsius
933 3743 1005 3799 ratio
1021 3743 1185 3798 sententiae.
1214 3743 1287 3810 Quid
1301 3746 1394 3799 autem
1408 3743 1449 3799 eis

306 3831 444 3903 exemplis
466 3831 626 3888 faciendum
650 3832 700 3901 sit,
723 3849 795 3903 quae
817 3848 902 3903 passa
925 3847 986 3887 esse
1004 3848 1052 3886 eea
1069 3831 1225 3902 particulae
1243 3831 1388 3888 elisionem
1407 3832 1448 3888 vi·

305 3921 433 3992 deantur,
452 3921 520 3978 satis
539 3939 623 3994 snpra
641 3920 828 3993 significatum
847 3923 891 3977 est
909 3923 1003 3977 annot
1023 3939 1049 3992 p.
1060 3933 1165 3976 cxxxv
1176 3919 1261 3991 [341]¹
1282 3919 1342 3987 Quo
1357 3921 1449 3976 minus

305 4012 341 4067 ds
358 4013 384 4066 si
401 4011 432 4066 in
449 4029 496 4068 sea
514 4011 651 4068 mutando
669 4010 807 4082 cogitabis
826 4009 907 4082 Gspt.
925 4009 947 4081 1,
966 4017 992 4079 2,
1011 4015 1040 4066 5:

466 4119 556 4174 Sinito
575 4118 728 4187 ambulare,
747 4117 771 4173 si
788 4118 870 4186 foris,
889 4117 912 4173 si
930 4116 1005 4172 intus
1023 4116 1129 4173 nolent

307 4225 448 4298 [Ceterum
476 4243 559 4282 versu
579 4230 629 4280 'lte
658 4224 711 4281 etsi
738 4241 773 4278 ae
798 4225 845 4279 vel
872 4225 918 4279 nei
945 4224 990 4294 (ef.
1010 4223 1111 4295 Opnso.
1130 4223 1199 4294 phil.
1219 4224 1245 4278 ll
1263 4243 1290 4294 p.
1310 4229 1375 4294 630)
1392 4241 1448 4280 non

305 4314 493 4371 necessarium
511 4331 571 4370 esse
586 4312 756 4370 Ritschclins
775 4312 805 4367 in
823 4312 866 4367 ed.
881 4313 930 4367 alt.
950 4311 1097 4380 concessit,
1117 4315 1210 4366 tamen
1228 4312 1304 4368 haud
1322 4313 1448 4385 paullum

306 4403 556 4460 commendationis
582 4419 617 4458 ex
640 4402 765 4472 ipsorum
790 4400 924 4455 librorum
950 4399 980 4454 in
1005 4399 1130 4484 uersibus
1154 4406 1215 4458 316.
1234 4407 1286 4458 315
1312 4403 1449 4458 memoria

305 4493 408 4548 habere
427 4491 556 4562 monuit]
