3302 5076
598 405 830 453 nsrmrusoaa
854 405 980 452 seusu
1294 387 1360 454 665

215 551 277 616 hac
305 553 414 614 autem
442 548 496 613 via
523 547 652 613 demum
676 548 750 632 ipsa
771 547 861 614 notio
886 546 1030 613 civitatis
1053 547 1270 614 consummari
1293 568 1360 612 cre·

215 657 317 721 ditur:
345 655 439 721 facile
469 659 605 741 apparet
631 655 702 720 fieri
725 655 857 721 omnino
880 676 947 720 non
975 655 1134 740 potuisse,
1162 654 1360 740 quinetiam

216 763 256 829 ad
280 762 538 829 academicorum
561 783 734 847 corporum
757 761 943 828 libertatem
963 761 1052 828 illius
1072 763 1122 827 ris
1140 761 1360 828 conversionis

214 871 400 954 pertineret.
446 867 734 934 Verumenimrero
762 868 847 953 quod
875 869 946 934 fieri
975 868 1094 954 ubique
1123 869 1158 933 in
1185 868 1281 934 rebus
1304 869 1361 935 hn-

216 976 320 1042 manis
348 976 483 1061 assolet,
516 980 553 1041 ut
584 997 650 1041 non
675 980 765 1042 recta
793 975 858 1060 via,
887 975 943 1041 sed
969 996 1028 1060 per
1055 974 1220 1040 contraria
1247 979 1281 1040 et
1309 997 1360 1041 ex·

214 1088 319 1149 trema
346 1086 438 1149 eatur
465 1083 506 1148 ad
532 1083 565 1149 id
596 1082 681 1170 quod
704 1081 748 1148 sit
770 1081 950 1166 perfectum
974 1081 1024 1148 vel
1052 1105 1072 1146 a
1094 1071 1237 1166 perfecto
1261 1104 1359 1166 quam

216 1191 361 1275 proxime
389 1190 488 1255 absit:
520 1189 553 1255 id
581 1189 615 1254 in
642 1189 704 1254 boc
731 1209 858 1273 quoque
886 1208 1004 1274 genus,
1032 1187 1096 1252 nisi
1122 1187 1282 1273 fallimur,
1312 1191 1361 1256 ita

216 1298 316 1380 cadit,
348 1301 385 1364 ut
412 1297 500 1362 iusto
529 1295 625 1362 modo
653 1317 720 1361 non
747 1295 828 1360 satis
856 1298 984 1361 servato
1011 1295 1148 1360 nimium
1176 1295 1359 1363 dabactum

217 1426 286 1470 esse
316 1405 355 1470 de
378 1403 542 1470 tralaticio
566 1403 635 1468 iure
658 1401 931 1488 universitatium,
958 1401 1095 1467 nimium
1124 1407 1234 1468 autem
1257 1404 1360 1470 tribu·

216 1516 286 1577 tum
315 1510 472 1597 potestati
500 1509 642 1576 civitatis
670 1508 828 1575 videatur.
873 1507 960 1574 Nam
989 1509 1017 1574 si
1044 1531 1159 1575 verum
1182 1515 1246 1595 ast,
1274 1510 1360 1596 quod

214 1640 275 1684 nos
303 1617 433 1702 quidem
460 1639 520 1702 pro
548 1638 623 1682 vero
652 1617 884 1702 exploratoque
913 1616 1085 1702 habemus,
1112 1638 1220 1682 rerum
1244 1617 1360 1684 burna

214 1747 329 1790 narum
353 1724 635 1810 gubernandarum
659 1723 1054 1808 administrandarumque
1073 1723 1212 1790 salutem
1231 1746 1359 1790 omnem

214 1853 231 1896 e
263 1831 404 1898 discordi
436 1832 607 1898 concordia
639 1832 744 1913 nasei,
776 1832 827 1898 vel
860 1835 896 1897 ut
927 1830 1056 1915 planius
1088 1829 1207 1915 dicam,
1239 1831 1359 1897 iurium

216 1937 460 2022 officiorumque
493 1937 555 2002 sibi
588 1937 813 2022 oppositorum
845 1942 878 2003 et
909 1937 1035 2002 ratione
1068 1959 1177 2003 secum
1212 1958 1359 2023 pugnan-

214 2045 296 2109 tium
328 2048 496 2130 tamquam
533 2044 673 2129 quodam
711 2044 904 2129 aequilibrio
942 2043 1116 2110 contineri:
1153 2065 1218 2110 non
1250 2049 1360 2130 potest
1395 2057 1403 2068 '

215 2151 349 2216 dubium
386 2171 474 2235 esse,
511 2151 553 2216 ab
590 2151 856 2217 universitatibus
893 2151 1023 2236 quidem
1055 2150 1222 2237 pugnandi
1255 2153 1359 2218 multo

215 2258 321 2342 magis
344 2279 475 2323 caussas
499 2262 531 2322 ct
554 2257 724 2323 conamina
751 2279 848 2343 quam
872 2279 1039 2323 successus
1063 2261 1097 2322 et
1118 2258 1272 2324 victorias
1295 2258 1359 2324 fre·

215 2363 372 2447 quentari.
419 2363 555 2449 Quodsi,
583 2364 700 2448 quibus
728 2365 937 2448 potissimum
964 2365 999 2430 in
1026 2365 1123 2430 rebus
1150 2364 1249 2430 nimis
1273 2387 1360 2431 coer·

215 2471 298 2536 citae
325 2470 487 2536 libertatis
515 2493 582 2536 non
609 2471 734 2554 incerta
762 2471 915 2556 vestigia,
943 2470 998 2536 sed
1030 2475 1144 2556 aperta
1166 2472 1359 2539 documenta

215 2583 403 2662 cernentur,
425 2578 595 2663 quaeritis:
618 2579 696 2644 nolo
719 2579 761 2645 iis
785 2579 972 2646 vulneribus
996 2579 1172 2665 immorari,
1196 2603 1278 2665 quae
1302 2605 1357 2666 pa·

214 2707 286 2749 rum
319 2685 370 2750 vel
402 2685 559 2751 memoria
591 2687 702 2752 suavia
735 2686 787 2752 rel
819 2690 914 2772 grata
947 2691 1131 2754 memoratu
1158 2687 1359 2754 academicae

214 2791 358 2856 libertati
385 2813 443 2876 per
471 2789 679 2858 Germaniam
706 2793 846 2859 usitatas
873 2793 1022 2859 luctuosa
1057 2794 1115 2858 illa
1143 2793 1272 2860 decreta
1299 2793 1358 2862 Oa-

215 2898 391 2964 rolinensia
413 2899 567 2965 inflixere.
604 2899 693 2977 Quae
712 2906 749 2966 ut
767 2900 839 2966 dira
856 2922 915 2966 nec
936 2900 1100 2967 evitabilis
1118 2901 1294 2967 necessitas
1313 2903 1359 2967 iu·

215 3006 291 3070 bere
313 3005 385 3070 visa
407 3010 471 3090 est,
493 3007 639 3091 ipsorum
662 3012 699 3073 ut
722 3008 849 3074 eredere
872 3031 932 3093 par
956 3012 1006 3073 est
1029 3007 1269 3074 decernentium
1292 3031 1358 3076 non

215 3110 370 3177 mediocri
397 3112 521 3178 dolore:
548 3114 595 3178 ita
623 3135 752 3198 sperare
780 3115 858 3180 licet
884 3115 955 3181 fore
983 3118 1021 3180 ut
1048 3119 1196 3180 cessante
1219 3118 1357 3183 necessi·

215 3223 283 3284 tate
306 3241 435 3285 rursum
458 3214 612 3286 terricula
634 3220 693 3286 illa
721 3221 926 3306 aboleantur,
953 3244 1034 3306 quae
1061 3221 1212 3308 suspicax
1240 3223 1358 3289 sollici·

214 3327 292 3392 tudo
321 3327 493 3392 coniuncta
520 3349 590 3392 esse
613 3349 686 3394 cunr
709 3350 820 3394 recens
842 3328 995 3394 instituto
1019 3350 1151 3394 munere
1174 3329 1358 3396 commissa-

214 3433 336 3498 riorum
360 3433 689 3499 extraordinariorum
713 3435 826 3500 volnit.
872 3437 902 3500 A
925 3436 1016 3501 cuius
1044 3435 1187 3501 muneris
1210 3437 1357 3503 novitate

214 3538 277 3604 dici
304 3539 418 3624 nequit
445 3543 603 3625 quantum
630 3540 729 3607 distet
751 3541 993 3626 sapientissimo
1018 3542 1192 3627 eodemque
1216 3544 1357 3610 saluber·

215 3645 296 3711 rimo
321 3645 455 3712 oonsilio
479 3667 545 3712 non
569 3651 682 3712 nostra
699 3647 828 3712 demum
848 3651 954 3714 aetate
972 3649 1196 3734 constitutum,
1219 3650 1275 3716 sed
1294 3653 1357 3737 pri-

214 3753 287 3817 dem
310 3755 501 3836 usurpatum
524 3754 792 3820 cancellariorum
815 3754 866 3819 vel
895 3758 1082 3822 curatorum
1104 3778 1237 3825 munus:
1267 3759 1357 3825 ouius

214 3863 337 3944 quanta
364 3860 408 3924 sit
434 3861 685 3945 commendatio,
717 3860 890 3926 luculentis
917 3863 1088 3948 exemplis,
1120 3868 1158 3929 ut
1183 3864 1218 3930 in
1245 3865 1358 3950 paucis

216 3967 406 4051 subsistam,
437 3967 527 4032 velut
553 3968 640 4033 alrna
668 3967 809 4053 Georgia
836 3967 1000 4054 Augusta,
1027 3968 1358 4057 Ruperto-Oarolina,

215 4071 399 4157 Ludovicia,
413 4072 591 4140 Friderioia
606 4073 781 4140 Guilelmia
794 4078 966 4160 testantur,
979 4075 1209 4142 illustrissimis
1223 4074 1357 4143 Munch·

214 4178 377 4264 hausenii,
408 4178 590 4263 Brendisii,
621 4179 869 4266 Reizensteinii,
901 4181 1120 4266 Grollmanni,
1149 4180 1357 4250 Humboldtii

213 4285 400 4351 nominibus
427 4287 497 4352 iuro
525 4287 704 4372 maritoque
732 4288 920 4373 gloriantes.
965 4287 1004 4352 In
1032 4289 1148 4373 quibus
1177 4289 1255 4355 viris
1284 4313 1357 4357 oum

214 4414 274 4476 par
303 4393 401 4459 fuerit
430 4392 579 4480 generosi
608 4393 710 4458 animi
740 4394 922 4460 liberalitas
955 4399 1050 4480 atque
1082 4395 1208 4481 gloriae
1236 4397 1357 4464 nobilis

214 4499 389 4586 cupiditas,
425 4501 569 4585 ipsarum
606 4504 715 4567 autem
751 4501 935 4566 litterarum
968 4523 1042 4567 oum
1073 4501 1255 4570 divinarum
1287 4508 1357 4571 tum
