3338 5072
573 422 837 471 nuuunfflorrs
862 423 1067 471 resvrmun.
1278 469 1286 480 ,
1327 405 1392 470 375

245 569 323 634 desti
344 568 419 654 plus
442 568 621 634 valiturum
645 567 689 632 eit
712 589 808 652 quam
832 569 1023 650 correptum,
1047 565 1074 630 si
1097 565 1147 632 dis
1170 565 1287 650 placet,
1309 565 1393 630 deta

246 676 455 760 praeruptae
479 675 541 756 [sie
562 674 597 738 in
620 673 707 756 edit]
731 671 950 738 Mostellariae
974 671 1033 756 III,
1055 673 1082 756 1,
1106 671 1179 758 115,
1202 673 1256 758 qui
1280 695 1392 739 versus

246 782 292 848 sio
314 780 540 868 corrigendus:

405 923 467 990 Sed
491 925 644 990 drraboni
668 925 727 989 has
751 925 844 988 mnes
868 922 1085 1008 quadraginta
1109 921 1206 988 dedit.
1216 921 1249 1008 *)

245 1065 291 1132 Et
315 1069 351 1132 ut
372 1067 434 1132 hae
457 1068 701 1152 opportunitate
726 1065 825 1132 etiarn
849 1065 889 1130 ad
912 1066 1032 1131 dedaste
1053 1065 1283 1130 removendum
1306 1067 1390 1149 utar,

244 1175 279 1238 in
302 1173 554 1258 Amphitruonis
578 1174 724 1239 versibus
747 1171 789 1257 11,
812 1173 841 1256 2,
868 1173 944 1239 129:

335 1301 486 1402 Obsecro,
510 1318 649 1382 etiamne
672 1317 734 1382 hdo
756 1317 903 1403 negabis,
926 1321 958 1381 te
981 1320 1113 1381 auream
1134 1317 1283 1400 pateram
1307 1315 1388 1382 mibi

333 1424 468 1490 De'disse
491 1424 576 1490 dono
601 1423 707 1507 hodie‘,
731 1427 850 1510 quate
873 1423 941 1488 illie
964 1423 1120 1490 ddnatum
1141 1444 1211 1488 esse
1230 1421 1379 1488 dixeras?

246 1568 285 1632 de
307 1568 388 1634 vitio
404 1588 542 1660 ,monere
566 1566 616 1632 vel
639 1566 701 1632 hoe
722 1569 834 1650 potest
856 1565 956 1651 quod,
988 1587 1061 1631 oum
1084 1565 1163 1631 douo
1185 1565 1273 1632 bodie
1296 1566 1330 1630 in
1353 1566 1387 1631 B
1401 1583 1500 1626 oxxvr

243 1673 295 1758 sit,
317 1675 405 1740 bodie
426 1677 505 1740 douo
522 1673 558 1738 D
576 1673 715 1758 exhibet,
738 1673 1021 1757 interpretamenti
1045 1673 1162 1739 indieio
1185 1673 1238 1738 hie
1261 1694 1388 1758 quoque

243 1781 425 1848 manifesto.
470 1781 586 1846 Deleto
610 1782 688 1847 done
713 1781 819 1846 seribe

331 1907 482 2007 Obsecro,
506 1925 645 1989 etiamne
669 1923 731 1988 hdo
754 1923 901 2009 negabis,
924 1927 1055 1988 auream
1079 1925 1228 2006 paterdm
1252 1923 1333 1989 mihi

330 2028 378 2094 Τό
401 2029 526 2094 dedisse
549 2029 655 2116 hodie,
679 2035 797 2116 quate
820 2029 869 2095 illi
893 2030 1049 2096 d6natum
1072 2052 1142 2096 esse
1165 2027 1315 2096 dixeras?

243 2173 306 2238 nisi
334 2173 406 2257 quis
434 2175 600 2258 praestare
628 2173 747 2239 dixerit
768 2172 873 2239 Hdde’e
895 2177 922 2238 te
944 2173 1072 2252 dedisse,
1098 2193 1161 2256 qua
1183 2173 1234 2239 illi
1257 2174 1288 2238 te
1305 2175 1335 2239 d.
1357 2175 1387 2246 d.

242 2279 293 2344 Ad
316 2281 427 2346 dedali
448 2284 486 2346 ut
509 2280 648 2366 redeam,
670 2280 733 2347 hoe
756 2281 812 2364 qui
834 2283 945 2344 tuetur
963 2279 1072 2345 media
1089 2283 1238 2364 correpta
1257 2279 1387 2365 dietum,

244 2409 396 2472 quaerere
419 2387 496 2452 lieet
519 2409 575 2452 eur
593 2409 658 2454 non
677 2387 777 2452 etiam
795 2387 954 2472 producta
972 2386 1077 2471 prima
1096 2387 1224 2472 syllaba
1242 2388 1386 2472 positum

243 2517 313 2560 esse
341 2494 436 2560 libris
464 2493 574 2560 eredat
595 2493 722 2560 Trucul.
750 2493 795 2577 ΙΙ,
819 2495 854 2578 6,
878 2494 933 2558 36:
970 2492 1120 2578 mdqnum
1141 2495 1254 2561 dedisti
1274 2497 1385 2564 dees?

240 2599 324 2666 Nam
350 2601 502 2666 mutilum
525 2603 566 2666 ab
590 2601 685 2668 initio
709 2623 778 2666 esse
803 2599 1004 2666 Cureulionis
1029 2599 1070 2685 Π,
1089 2603 1120 2686 3,
1139 2603 1181 2668 66
1204 2602 1277 2686 ipsa
1299 2604 1383 2669 ratio

240 2729 425 2773 sermonum
453 2707 575 2794 arguit,
608 2709 663 2792 qui
694 2707 802 2774 addito
832 2709 899 2772 sive
929 2707 973 2772 rbi
1000 2707 1067 2772 sive
1095 2729 1147 2792 epo
1171 2709 1217 2775 sie
1241 2711 1326 2774 inter
1350 2731 1384 2774 se

241 2813 459 2900 distinguendi
482 2818 571 2879 sunt:

329 2941 380 3021 lbi
399 2955 557 3022 ‘dedistin
575 2961 611 3022 tu
630 2955 841 3042 §rgentuml'
860 2957 1002 3040 inquam.
1028 2941 1149 3022 ‘lmmo
1174 2957 1260 3041 apud
1278 2961 1383 3041 trape-

1038 3064 1135 3128 zitam
1159 3062 1373 3148 situmst.'**)

238 3207 370 3294 Ergone
397 3229 497 3272 unum
521 3206 647 3272 salvum
675 3227 744 3271 esse
768 3205 967 3271 Menaechm.
990 3203 1047 3291 IV,
1070 3205 1105 3291 3,
1130 3203 1171 3270 15
1199 3206 1382 3291 exemplum

239 3315 362 3382 eredes:

328 3455 411 3521 Tute
434 3457 522 3523 ultro
546 3457 586 3522 ad
610 3479 660 3522 me
684 3457 839 3542 detulisti,
862 3455 980 3522 dedisti
1003 3478 1075 3522 eam
1099 3455 1183 3522 dond
1207 3455 1299 3542 mihi,

238 3620 372 3683 prorsus
395 3598 475 3664 illud
499 3599 683 3665 solitarium
706 3601 740 3665 in
763 3599 838 3684 plus
860 3599 998 3684 triginta
1020 3599 1186 3685 legitimae
1210 3601 1382 3686 prosodiae

241 3705 397 3791 exemplis
421 3703 581 3772 Plautinis
604 3705 888 3791 Terentianisque,
919 3711 957 3772 ut
979 3709 1105 3772 taceam
1123 3709 1298 3791 perdideste',
1322 3730 1382 3774 ere-

237 3812 347 3878 didere·
372 3811 518 3878 formas?
563 3812 616 3877 An
643 3813 739 3880 nobis
765 3813 875 3898 potius
898 3813 1021 3896 eredes,
1054 3818 1110 3879 aut
1132 3814 1211 3880 deno
1233 3816 1312 3882 midi
1333 3818 1381 3881 de-

237 3919 312 3984 de'ste'
329 3939 398 3984 eam
414 3919 712 4003 transponentibus,
736 3922 793 3983 aut
810 3919 915 3984 lenius
935 3920 1034 3985 etiam
1053 3921 1100 3987 sie
1120 3921 1381 3988 emendantibus:

237 4063 449 4070 ——-——

344 4151 370 4216 *)
391 4147 444 4218 [Ex
463 4146 634 4202 Addendis
652 4167 679 4218 p.
698 4161 827 4203 cccxxv:
849 4147 937 4203 ‘adde
955 4147 1101 4203 Asinariae
1120 4147 1167 4214 IV,
1188 4155 1212 4217 1,
1232 4155 1257 4219 7,
1276 4148 1305 4204 in
1325 4166 1379 4218 qno

238 4236 323 4308 vulgo
342 4237 416 4292 dedit
434 4236 583 4307 corripitur
600 4239 665 4292 ante
684 4238 769 4292 douo:

485 4343 578 4399 Lanae
597 4341 698 4414 uiginti
716 4345 796 4398 mnbs
815 4343 888 4399 dono
908 4345 1017 4414 argenti
1035 4343 1125 4398 dedit:

237 4449 277 4506 ⁸5⁰
295 4450 369 4506 ‘mim
388 4451 471 4521 illm
491 4467 548 4506 ¹²0n
566 4450 664 4506 dubito
682 4451 750 4520 quin
768 4450 1008 4520 transponendum
1028 4449 1098 4521 eit']

325 4538 367 4609 *')
387 4539 441 4611 [Cf.
461 4541 561 4612 Opuse.
580 4539 649 4610 phil.
669 4540 694 4594 Π
713 4559 740 4610 p.
760 4539 833 4610 tat]
