3338 5072
540 396 802 446 suasumorus
826 397 1032 446 eusvsrsss.
1301 381 1363 446 861

220 541 332 620 cessit,
367 540 423 606 sed
454 540 600 606 substitit
626 541 661 606 in
688 540 807 625 bonus,
837 540 972 608 similis:
1004 540 1091 606 ultra
1123 562 1295 626 progressa
1318 545 1369 606 est

219 648 345 732 tertiae,
368 647 424 713 sed
447 649 531 714 raris
555 649 709 734 exemplis
732 670 793 714 uec
816 670 942 733 semper
964 647 1168 715 dubitatione
1185 648 1307 736 vacuis,
1328 651 1365 714 ut
1379 663 1432 705 0111

219 755 450 834 rest‘edmisso
478 779 538 840 pro
565 776 614 822 res
641 761 693 822 est.
742 755 812 833 Quo
841 759 953 822 tummi
980 755 1165 842 religiosius
1193 755 1274 820 talia
1301 777 1366 820 ser-

220 862 326 928 vanda
353 862 483 928 bierunt
511 862 604 948 quale
637 867 687 927 est
714 861 748 928 iu
776 862 809 932 A
837 866 962 928 exstare
990 862 1098 927 visum
1121 886 1150 927 v.
1173 862 1237 928 537
1268 868 1306 930 ut
1326 864 1370 928 ud

220 971 346 1036 ineibrst
367 967 556 1055 reduetus*):
580 991 657 1034 nam
681 969 741 1034 etsi
764 969 917 1034 usitatius
941 991 1018 1034 sane
1040 969 1224 1054 praedicato
1247 970 1281 1035 iu
1304 971 1367 1036 fine

221 1077 381 1143 enuntiati
409 1075 516 1160 posito
544 1080 588 1140 est
615 1075 780 1162 adhaeret,
813 1080 923 1142 tamen
949 1099 1016 1142 uon
1046 1100 1120 1143 rero
1152 1077 1249 1143 etiam
1280 1075 1369 1142 aliud

223 1184 376 1270 plaouit„
401 1182 502 1248 Velut
525 1183 733 1248 Ambrosiani
761 1183 954 1250 auctoritate
978 1207 1007 1249 v.
1031 1184 1096 1250 563
1120 1184 1268 1248 firmatur
1294 1185 1371 1266 quid

221 1291 271 1357 bie
292 1297 338 1358 est
365 1291 481 1356 brutus
509 1295 605 1355 barm
627 1312 686 1374 pro
714 1292 791 1372 presit
815 1289 865 1356 bie
892 1291 1021 1356 76666666
1048 1297 1143 1356 terum
1167 1289 1219 1376 (ut
1241 1295 1371 1374 temperet

221 1399 358 1465 maadi
379 1419 439 1482 pro
464 1403 580 1481 tempus
602 1398 767 1462 admoudist
787 1419 815 1463 v.
838 1397 934 1484 432);
961 1399 991 1464 si
1018 1403 1061 1464 est
1088 1399 1248 1464 molestum
1269 1397 1368 1463 libro-

222 1503 351 1591 rum**)
375 1504 514 1589 vestigia
536 1508 668 1571 tuentur
690 1526 720 1568 v.
744 1504 822 1590 9463
850 1507 935 1570 setin
958 1504 1017 1570 to's
1038 1525 1135 1572 santes
1158 1505 1199 1570 ad
1222 1504 1369 1571 oodiaum

224 1613 319 1678 fldem
345 1613 394 1694 sal
419 1611 510 1692 intus
528 1614 623 1696 [aare
650 1633 679 1679 v.
702 1612 769 1678 454
791 1612 924 1696 propius
948 1611 1094 1699 profecto
1117 1611 1241 1678 aceedit
1264 1636 1371 1700 quam,

224 1719 309 1806 quod
333 1740 403 1785 esse
426 1718 584 1784 usitatum
608 1719 687 1805 seio,
715 1720 799 1786 satin
823 1724 856 1784 lu
878 1720 985 1786 suau's
1008 1719 1068 1801 [sie
1091 1717 1196 1786 'triu'
1219 1743 1292 1788 oum
1315 1721 1371 1802 Al.

223 1825 276 1892 Ita
307 1849 336 1892 v.
359 1825 425 1892 365
456 1825 540 1890 nihil
572 1825 722 1910 interest,
753 1827 853 1892 multu
880 1827 909 1892 ei
936 1846 1029 1910 opera
1056 1833 1145 1910 oprtet
1176 1827 1300 1894 scribas
1328 1849 1371 1894 an

224 1934 324 2000 multe
346 1935 375 1998 ei
397 1936 519 2016 operam
540 1953 629 2015 opus,
653 1955 851 2018 quamquam
873 1933 936 1999 hoe
960 1955 1029 1999 esse
1052 1933 1164 1999 durius
1189 1935 1290 2020 seusi3
1313 1956 1371 2000 nee

224 2064 253 2108 v.
277 2042 341 2106 329
365 2062 431 2106 non
453 2039 562 2123 potuit
585 2059 672 2104 omne
694 2044 797 2104 aretem
820 2045 950 2106 mourut
972 2045 1060 2106 mum
1082 2040 1163 2126 diei,
1187 2041 1249 2106 etsi
1272 2064 1292 2107 a
1313 2063 1372 2107 nu-

226 2170 387 2214 merorum
402 2147 437 2212 iu
457 2146 564 2232 priore
579 2169 690 2212 versus
709 2151 802 2231 parte
821 2148 984 2233 elegantia
1001 2151 1148 2232 praestat
1166 2169 1254 2214 omres
1271 2169 1372 2214 meum

225 2261 327 2320 urbm
351 2259 473 2319 tetemet.
497 2291 541 2302 -
565 2252 780 2320 Coniunctum
810 2258 860 2320 eet
888 2259 997 2320 autem
1024 2255 1086 2322 hoo
1113 2277 1216 2341 genus
1243 2255 1372 2322 uuiver-

226 2384 297 2428 sum
325 2385 399 2427 eum
426 2361 627 2446 syntaetioee
654 2361 791 2427 rationis
820 2362 1060 2447 observatione,
1093 2385 1175 2448 quae
1202 2363 1236 2429 iu
1267 2385 1372 2430 emen·

226 2470 356 2536 datione
379 2469 491 2536 Plauti
520 2469 652 2534 maximi
679 2473 730 2534 est
756 2471 920 2536 momenti.
965 2469 1051 2536 Nam
1078 2493 1142 2556 quo
1170 2472 1199 2536 is
1227 2492 1374 2538 sermono

227 2578 331 2644 utitur
355 2576 396 2642 ad
419 2577 505 2642 vitae
528 2599 624 2642 usum
648 2598 852 2642 communem
871 2576 1061 2662 composito,
1084 2577 1125 2642 ab
1149 2601 1187 2645 eo
1211 2582 1244 2646 et
1266 2585 1320 2646 est
1343 2583 1375 2645 et

226 2705 264 2760 es
286 2684 377 2749 verbi
404 2684 628 2768 omissionem,
658 2706 731 2749 oum
760 2706 779 2748 a
806 2685 912 2769 poetis
941 2688 1011 2750 tum
1035 2707 1055 2749 6
1077 2685 1289 2770 scriptoribus
1312 2685 1374 2750 fre-

229 2793 428 2877 quentatam,
452 2791 619 2857 sciendum
643 2796 693 2856 est
716 2791 847 2856 omuino
872 2811 942 2857 osse
962 2791 1100 2857 alienam
1119 2813 1178 2856 nee
1196 2793 1259 2858 nisi
1278 2793 1374 2858 raris-

228 2898 319 2964 simis
347 2896 591 2964 eondioionibus
620 2897 876 2986 probatam.***)
922 2898 968 2963 Et
991 2899 1125 2964 alterius
1148 2899 1279 2983 quidem
1301 2920 1373 2984 per·

228 3027 325 3071 sonae
345 3006 492 3090 exempla
510 3005 679 3090 negotium
697 3027 856 3089 nusquam
875 3003 1049 3090 facessunt,
1072 3009 1110 3071 ut
1129 3005 1246 3090 quibus
1265 3005 1374 3091 exigui

228 3112 338 3178 circuli
366 3113 547 3178 adiectione
574 3133 605 3178 es
632 3112 751 3196 ubique
777 3113 867 3178 nulla
896 3134 995 3197 opera
1017 3113 1216 3178 restituatur.
1260 3112 1375 3198 Neque

228 3220 315 3286 enim
343 3219 506 3305 audiendi,
534 3221 562 3284 si
590 3219 647 3303 qui
675 3241 748 3286 eum
771 3219 906 3304 Bothio‚
935 3220 985 3285 eui
1008 3218 1156 3286 Donatus
1180 3219 1318 3304 praeivit
1340 3220 1374 3284 in

229 3327 328 3393 Aridr.
347 3325 405 3412 ΠΙ,
428 3329 458 3412 2,
484 3328 533 3412 16,
556 3327 647 3393 velut
669 3327 749 3392 haee
772 3326 946 3392 defendent
969 3328 1003 3392 in
1027 3327 1089 3392 hae
1111 3327 1235 3392 fabula:
1265 3327 1377 3392 habeas

228 3438 264 3498 ut
285 3439 394 3498 metus
415 3455 474 3526 pro
496 3432 616 3500 uaebe's
638 3456 666 3499 v.
691 3433 743 3517 63,
767 3438 828 3498 tute
850 3434 1058 3516 obtorpuudus
1081 3434 1133 3516 96,
1154 3435 1308 3517 numquid
1328 3455 1376 3498 me

228 3543 394 3623 repulsare
423 3540 499 3619 198,
525 3542 555 3606 si
578 3591 584 3605 .
609 3591 616 3605 .
641 3593 647 3605 .
672 3544 705 3604 tu
732 3538 804 3605 birro
830 3541 972 3606 abituras
996 3541 1074 3623 714,
1102 3543 1168 3605 iam
1194 3561 1375 3610 recommen-

229 3651 313 3712 tatus
336 3646 414 3726 912,
441 3647 523 3728 quod
549 3652 577 3712 te
602 3647 748 3729 aeeeprsse
773 3647 878 3728 fassas
901 3648 976 3733 969,
999 3653 1071 3730 post
1093 3652 1127 3712 a
1147 3647 1250 3728 faetus
1274 3651 1374 3718 otar-

229 3753 326 3820 mides
354 3752 432 3839 975,
464 3758 501 3818 at
528 3753 739 3820 ebumidatus
766 3754 840 3840 977,
872 3775 955 3820 aune
981 3757 1009 3821 is
1035 3755 1138 3836 faetta
1166 3755 1240 3841 980,
1270 3757 1429 3838 fossuscx

231 3861 431 3928 Charmidem
449 3861 564 3926 dedisse
582 3862 657 3946 982,
678 3862 754 3944 qaia
770 3883 933 3945 perpessus
955 3865 1048 3928 1165.
1086 3861 1208 3929 sedne
1226 3865 1259 3927 in
1277 3863 1376 3929 tertia

230 3969 358 4054 quidem
377 3989 518 4053 persona
540 3969 671 4036 maioris
694 3971 744 4036 vel
768 3970 889 4036 laboris
912 3970 963 4035 vel
987 3970 1140 4036 audaciae
1164 3973 1233 4034 erat
1254 3969 1376 4035 totiens

231 4098 442 4106 —.———-

320 4168 345 4232 *)
364 4164 414 4233 [ad
435 4163 537 4218 tacitae
558 4163 696 4218 redactust
719 4163 793 4219 Trin.
804 4163 822 4233 ²,
846 4164 878 4218 ut
900 4162 1018 4220 Poenuli
1036 4163 1083 4228 IV,
1103 4169 1129 4233 2,
1147 4167 1195 4230 855
1219 4159 1255 4216 os.
1274 4160 1376 4230 opum.

230 4253 605 4411 phtl·*{1)l[};ibg·]momm
626 4340 765 4409 praebent
787 4341 864 4397 libri:
890 4342 979 4414 ‘quod
1001 4339 1098 4412 potest
1115 4339 1152 4395 ad
1170 4340 1196 4393 si
1213 4339 1377 4394 mokstumet

233 4429 381 4501 spectare!
402 4427 507 4497 Trin.²]

285 4519 348 4588 ***)
368 4517 420 4587 [Cf.
441 4517 540 4588 Opuso.
560 4517 629 4588 phil.
649 4517 675 4570 11
691 4535 720 4587 p.
740 4525 791 4576 608
800 4537 868 4589 eqo,
887 4517 977 4589 alibi]
